3890 5970
1037 537 1079 598 63

356 753 433 808 sunt
455 748 496 807 de
520 748 681 807 erroribus
703 746 882 808 Judeorum
909 752 941 809 in
972 748 1153 823 Thalmuth‚
1185 766 1270 828 quos
1294 751 1455 812 transtulit
1477 749 1518 814 ir.
1541 748 1761 812 Theobaldus

355 833 518 911 subprior
538 833 611 896 ord.
628 834 759 912 pred«)

463 937 483 998 l.
507 935 713 1000 3242-4393b
733 937 935 1016 Registrum
957 939 1194 1018 superlibros
1217 940 1405 1003 Moralium
1426 942 1457 1002 b.
1482 938 1650 1018 Gregorii.
1678 941 1760 1000 »Ab-

355 1029 530 1086 stinencia‹
557 1028 590 1084 ><
617 1023 768 1086 »Zelus«.

464 1132 496 1188 In
520 1134 622 1189 tabula
645 1139 848 1190 contentorum
872 1134 1010 1205 operculo
1034 1137 1176 1205 superiori
1200 1150 1277 1192 saec.
1294 1134 1350 1190 XV
1371 1137 1514 1207 inscripta
1535 1141 1648 1206 praeter
1671 1150 1762 1206 expo-

354 1221 489 1274 sitionem
512 1235 600 1290 super
625 1219 726 1276 »Pater
755 1226 872 1276 noster«
908 1222 995 1276 etiam
1029 1223 1174 1291 expositio
1209 1237 1297 1294 super
1332 1223 1413 1278 »Ave
1446 1221 1559 1277 Maria«
1595 1222 1754 1290 inducitur,

354 1322 441 1378 quam
464 1309 607 1363 tamenin
630 1309 731 1363 codice
755 1322 815 1362 non
838 1309 959 1379 reperio.
983 1306 1086 1364 Codex
1109 1325 1135 1364 a.
1172 1309 1251 1365 1609
1284 1309 1477 1365 bibliothecae
1510 1309 1753 1378 Rosenbergicae‚

353 1401 457 1465 postea
478 1395 648 1450 monasterii
669 1393 866 1450 Tlebonensis
890 1393 952 1452 luit.

457 1561 510 1644 63
539 1560 596 1643 64
967 1562 998 1637 I.
1026 1563 1069 1638 B.
1097 1563 1133 1637 8.

355 1700 492 1767 Codices
513 1703 580 1764 duo
603 1702 713 1764 chart.
737 1720 824 1764 saec.
848 1701 937 1764 XIV
955 1720 1001 1764 cx.
1026 1703 1072 1783 (a.
1097 1701 1196 1781 1389)
1219 1721 1240 1765 a
1251 1702 1291 1784 ff.
1306 1703 1379 1778 156,
1395 1703 1415 1765 b
1432 1703 1505 1778 111,
1528 1701 1668 1764 29><21
1693 1719 1757 1766 cen.

351 1808 422 1852 una
444 1806 553 1852 manu
577 1787 763 1869 (Johanais
784 1789 867 1851 dicti
887 1785 1063 1864 Stoliczlca,
1087 1787 1130 1863 cf.
1154 1790 1225 1851 cod.
1258 1789 1303 1851 VI.
1328 1787 1367 1851 B.
1384 1790 1418 1869 l)
1442 1789 1587 1852 dilucide
1611 1789 1758 1852 exarati.

460 1910 570 1989 (Petri
599 1909 850 1988 Pictaviensis)
880 1909 1126 1988 Reportorium
1157 1911 1297 1972 morale.
1329 1909 1466 1984 (Codice
1504 1927 1526 1971 a
1551 1914 1759 1971 continentur

351 2013 459 2060 voces
482 1997 524 2059 ab
548 1998 579 2059 A
601 1999 676 2072 (2A.
701 1997 739 2058 A.
764 1997 802 2058 A.
827 1996 959 2057 domine
994 1997 1087 2070 deus
1112 2013 1189 2058 ecce
1213 2002 1326 2058 nescio
1350 1999 1456 2074 loqui«
1476 2045 1483 2058 .
1502 2045 1509 2058 .
1527 2001 1549 2068 .)
1573 1997 1757 2075 incipiendo

351 2100 464 2162 usque
486 2085 529 2145 ad
550 2101 676 2147 vocem
702 2083 873 2162 »Agnus«,
904 2083 1018 2144 codice
1041 2084 1072 2154 b,
1105 2089 1158 2162 qui
1182 2088 1270 2145 initio
1301 2091 1333 2146 et
1362 2088 1394 2146 in
1428 2084 1494 2145 line
1528 2090 1579 2144 est
1612 2084 1756 2155 mutilus

350 2187 458 2234 voces
479 2170 530 2232 lit.
553 2169 579 2232 T
602 2177 634 2232 et
656 2170 710 2244 U.)
734 2168 850 2248 Operis
873 2171 971 2231 huius
994 2171 1036 2232 lit.
1060 2168 1085 2245 1,
1108 2169 1150 2246 K,
1173 2168 1211 2246 L,
1233 2169 1270 2234 Μ
1292 2171 1452 2232 habentur
1483 2175 1514 2232 ln
1544 2170 1618 2233 cod.
1641 2169 1694 2230 Vl.
1719 2169 1755 2230 B.

351 2260 381 2332 4,
405 2260 447 2318 ab
470 2258 589 2319 eodem
612 2259 728 2326 scriba,
751 2256 901 2318 Johanne
925 2257 1011 2318 dicto
1035 2255 1211 2332 Stoliczka,
1235 2263 1368 2319 exarato
1392 2275 1421 2318 a.
1449 2255 1541 2319 1389.

458 2364 506 2420 Ad
528 2366 639 2420 calcem
663 2367 814 2434 utriusque
838 2366 950 2420 codicis
973 2365 1042 2436 (nec
1066 2381 1125 2420 non
1149 2365 1216 2422 cod.
1241 2363 1291 2422 Vl.
1316 2363 1349 2421 B.
1374 2366 1408 2435 4)
1431 2365 1505 2420 haec
1529 2371 1599 2419 nota
1622 2365 1751 2419 occurrit

352 2469 441 2508 manu
465 2467 542 2509 saec.
567 2450 623 2506 XV
646 2468 691 2509 ex.
716 2452 832 2506 addita:
849 2450 952 2506 »Liber
974 2453 1144 2506 monasterii
1168 2452 1274 2507 domus
1298 2467 1323 2509 s.
1347 2450 1442 2521 Egldii
1465 2467 1572 2509 canon.
1597 2449 1687 2520 regul.
1719 2452 1749 2505 in

352 2539 515 2610 Witignaw
537 2538 611 2594 alias
634 2541 665 2594 in
678 2537 841 2595 Trzebom.
866 2537 939 2592 Dein
956 2539 1075 2593 codices
1096 2545 1178 2593 erant
1194 2537 1264 2594 bibl.
1281 2537 1522 2608 Rosenbergicae‚
1539 2551 1655 2607 exque
1671 2540 1755 2593 resti·

352 2629 405 2682 tuti
429 2631 498 2682 sunt
521 2627 699 2682 monasterio
722 2624 863 2695 praelato.
888 2623 959 2679 ltem
984 2625 1147 2680 notandum
1179 2631 1223 2680 est
1253 2625 1407 2680 codicibus
1438 2624 1459 2682 l.
1491 2624 1525 2682 B.
1558 2625 1587 2680 8.
1610 2637 1630 2678 a
1652 2629 1681 2677 et
1702 2622 1753 2680 Vl.

351 2711 384 2770 B.
409 2714 428 2767 4
452 2713 582 2782 adligata
603 2728 668 2768 esse
691 2711 853 2782 fragmenta
875 2713 1006 2766 eiusdem
1028 2713 1214 2767 instrumenti
1236 2711 1318 2782 publ.
1342 2715 1457 2780 notan'i,
1481 2727 1540 2782 quo
1555 2712 1655 2767 literae
1682 2725 1754 2765 con·

351 2799 560 2855 foederationis
584 2798 682 2856 Caroli
705 2797 754 2865 Vl,
790 2797 930 2853 Franciae
961 2800 1046 2868 regis,
1081 2814 1148 2853 cum
1172 2797 1360 2866 wenceslao,
1395 2798 1518 2854 Roman.
1543 2805 1570 2853 et
1593 2797 1752 2853 Bohemiae

351 2902 425 2956 rege,
450 2902 476 2943 a.
506 2884 586 2942 1380
609 2887 708 2954 initae,
732 2891 993 2955 recognoscuntur.
1027 2884 1112 2956 (Item
1136 2890 1207 2940 nota
1236 2887 1380 2954 integrum
1410 2885 1612 2956 Reportorium
1643 2885 1754 2940 morale

352 2989 378 3031 a.
407 2973 487 3028 1465
511 2980 662 3029 exaratum
685 2973 829 3028 contineri
852 2974 918 3028 cod.
942 2969 991 3029 111.
1015 2971 1049 3028 Β.
1075 2972 1140 3039 22.)

455 3158 508 3240 65
962 3155 992 3231 I.
1021 3155 1066 3232 B.
1095 3159 1129 3231 9.

350 3301 458 3362 chart.
482 3315 570 3361 saec.
592 3297 662 3360 XV
669 3297 716 3380 ff.
741 3298 807 3359 135
828 3295 1094 3367 num.,30><21
1121 3314 1185 3360 cm.
1209 3297 1241 3359 d.
1264 3315 1310 3358 m.

458 3421 478 3484 f.
507 3421 620 3482 12-4·
640 3418 765 3481 Modus
788 3418 1047 3495 contemplandi
1068 3417 1272 3496 passionem
1293 3418 1349 3480 dei
1364 3418 1557 3482 secundum
1571 3417 1634 3482 Vll
1647 3420 1754 3482 horas

349 3509 426 3572 diei.
454 3505 608 3586 »Sepcles
632 3506 762 3567 laudem
786 3506 851 3566 dixi
874 3507 949 3567 tibi«
976 3506 1008 3561 ><
1035 3511 1085 3565 »et
1116 3505 1249 3566 sedebis
1279 3507 1321 3566 ibi
1345 3510 1435 3566 iuxta
1457 3521 1533 3566 eum
1564 3507 1606 3567 ad
1638 3523 1754 3569 monu-

350 3601 495 3658 mentum
519 3599 621 3655 eius«.
646 3596 693 3667 (ln
716 3597 783 3651 cod.
806 3595 828 3654 l.
854 3593 887 3654 C.
915 3597 953 3653 10
977 3593 996 3652 l.
1022 3593 1085 3651 274
1108 3597 1185 3650 idem
1210 3611 1284 3667 opus
1308 3598 1404 3654 adscr.
1428 3593 1460 3652 S.
1484 3595 1673 3667 Bernerdo.)

457 3693 826 3760 s·'4⁸-9b301m0¹¹08
850 3695 982 3773 aliquot
1004 3694 1154 3776 (primus
1178 3694 1221 3758 de
1243 3694 1401 3774 angelis).

457 3803 478 3864 l.
507 3796 685 3863 lot-1231'
713 3798 903 3878 Augustini
936 3797 1144 3880 (Triumphi)
1178 3799 1220 3859 de
1250 3797 1422 3860 Anchona
1449 3798 1632 3864 Tractatus
1660 3807 1753 3864 tres:

353 3891 383 3970 1)
407 3889 459 3953 De
482 3890 600 3951 lutura
622 3885 890 3950 resurrectione.
915 3886 949 3960 2)
972 3886 993 3948 i.
1017 3885 1060 3946 44
1082 3884 1134 3947 De
1157 3900 1276 3947 amore
1299 3885 1444 3964 spiritus
1468 3887 1590 3951 sancti.
1606 3887 1641 3963 3)
1665 3889 1686 3950 l.
1710 3889 1753 3950 96

347 3976 397 4039 De
420 3975 618 4055 cognitione
641 3973 779 4036 animae
803 3977 837 4035 et
859 3971 1097 4052 potentiarum
1119 3971 1205 4034 eius.

457 4080 477 4142 l.
505 4073 962 4142 124¹-135lhuetoritates
985 4082 1188 4139 sanctorum
1211 4079 1246 4138 et
1268 4076 1451 4139 doctorum
1480 4077 1673 4140 secundum
1696 4094 1753 4140 or-

348 4167 465 4230 dinem
488 4164 671 4246 alphabeti.
696 4163 814 4238 (Adest
836 4169 962 4225 tantum
986 4163 1028 4226 ht.
1059 4163 1089 4224 A
1119 4178 1225 4241 usque
1259 4163 1301 4226 ad
1335 4180 1452 4226 vocem
1480 4165 1607 4238 Anima,
1643 4172 1751 4226 cetera

348 4249 479 4316 desunt.¹

456 4259 558 4418 Cidex
582 4377 608 4420 a.
635 4359 716 4416 1718
740 4367 802 4414 erat
825 4358 894 4416 blbl.
919 4372 1025 4417 canon.
1049 4373 1108 4428 reg.
1133 4357 1163 4414 S.
1188 4357 1346 4428 Augustini
1369 4357 1575 4416 Tiebonensis.

451 4545 504 4628 66
946 4542 975 4616 I.
1003 4542 1048 4616 B.
1078 4542 1139 4616 10.

346 4687 534 4750 membran.
559 4700 646 4748 saec.
670 4681 763 4746 XIII
768 4682 816 4765 ff.
840 4683 913 4760 171,
936 4681 1080 4744 32><23
1102 4699 1166 4745 cm.
1190 4685 1208 4745 I
1233 4701 1278 4744 m.

614 4803 758 4866 Missale
780 4807 966 4878 (continens
989 4801 1098 4864 officia
1120 4821 1178 4882 per
1201 4805 1356 4865 circulum
1379 4807 1480 4878 anni).

454 4909 476 4970 s.
504 4907 595 4970 1-6.
620 4905 858 4970 calendarium.
882 4907 903 4968 l.
928 4905 1035 4967 7-12
1058 4907 1131 4986 (alia
1153 4913 1305 4966 recentiori
1317 4910 1421 4980 manu)
1437 4905 1588 4968 Oftlcium
1611 4908 1652 4968 de
1677 4923 1749 4968 cor·

346 5013 424 5076 pore
448 4995 576 5070 Christi,
600 4996 640 5056 de
664 4994 699 5056 S.
722 4993 850 5073 Spinea
872 4993 1020 5066 Corona,
1045 4993 1160 5055 Passio
1183 4999 1215 5055 in
1239 4994 1290 5054 die
1315 4995 1505 5072 palmarum.

1033 5215 1063 5265 18
