3820 5966
765 592 829 652 435

202 798 223 860 l.
252 797 455 863 raab-154·
477 799 579 863 Notae
602 784 842 864 astronomicae
866 811 898 865 et
920 805 1068 866 medicae
1101 807 1231 883 (partim
1267 807 1496 881 germanicae).

204 885 224 947 l.
253 883 455 950 155“--166δ
478 887 640 967 Imagines
663 889 753 951 coeli.

203 972 225 1034 l.
254 971 451 1036 167⁵-169b
473 973 657 1037 Alkiadus.
681 974 732 1038 De
754 975 893 1054 pluviis,
1030 1045 1033 1052 ,

203 1059 224 1120 l.
253 1056 696 1140 170¹-198bA1fraganus
719 1063 848 1139 (Liber)
875 1062 1160 1126 differentiarum.

202 1146 224 1208 l.
253 1145 454 1208 199⁸—200b
478 1148 526 1210 De
549 1149 693 1227 quodam
718 1154 933 1211 instnrmento
956 1160 1067 1211 motus
1090 1152 1181 1212 coeli.
1213 1149 1398 1228 (Expositio
1421 1165 1498 1210 con-

99 1236 222 1311 scripta
244 1251 273 1295 a.
303 1233 384 1294 1394
406 1233 552 1296 Viennae
563 1234 586 1310 ἒ)

204 1319 226 1380 l.
250 1318 456 1382 ama-203¹>
477 1321 671 1384 Ptolomaei
694 1319 751 1383 CL
773 1322 1034 1400 propositiones
1058 1321 1094 1384 in
1112 1321 1336 1385 astronomia.
1364 1319 1498 1400 »Signo-

99 1423 169 1466 rum
195 1406 374 1485 disposicio
398 1414 466 1469 est«
493 1411 526 1467 ><
551 1408 709 1488 »Explicit
730 1409 808 1470 liber
831 1409 864 1470 P.
888 1409 967 1470 leria
988 1409 1030 1470 Vl
1064 1415 1139 1471 ante
1171 1413 1320 1471 trinitatis
1355 1424 1412 1486 per
1445 1424 1498 1468 me

95 1492 299 1556 iohannem
321 1494 364 1555 de
386 1493 489 1557 Nova
510 1494 622 1558 Domo
645 1511 676 1556 a
702 1492 814 1558 1450.«

203 1579 225 1641 i.
250 1579 314 1640 205
337 1579 472 1660 Figurae
496 1582 580 1643 duae
609 1585 639 1654 l>
661 1585 871 1644 mansionum
895 1583 1002 1656 lunae,
1025 1581 1058 1660 2)
1076 1582 1267 1662 dignitatum
1285 1582 1498 1659 planetarum.

203 1665 224 1728 l.
249 1665 451 1729 2062-208·
473 1667 640 1748 Stephani
663 1668 705 1730 de
728 1667 885 1731 Messina
899 1667 1020 1731 Flores
1036 1669 1078 1730 de
1095 1667 1241 1731 secretis
1264 1665 1502 1729 astronomiae

95 1753 277 1816 Hermetis
300 1753 534 1833 (Astrologiac
557 1759 698 1818 centum
721 1754 893 1834 capitula).

205 1855 226 1916 l.
251 1855 438 1932 2082-7217
461 1855 668 1919 Tractatulus
692 1860 930 1920 revolutionum
966 1862 999 1919 in
1033 1859 1135 1920 tribus
1169 1859 1402 1937 superioribus,
1450 1857 1499 1918 De

98 1943 300 2003 revolutione
323 1948 409 2005 anni.
434 1943 483 2006 De
506 1950 609 2005 terrae
632 1951 725 2006 motu
748 1951 780 2006 et
802 1946 940 2006 diluviis.
965 1943 1015 2006 De
1038 1946 1133 2007 bello.
1158 1944 1207 2007 De
1223 1948 1328 2023 capite
1345 1952 1377 2006 et
1392 1945 1500 2005 cauda

97 2029 265 2092 draconis
291 2028 338 2090 De
362 2032 443 2092 locis
466 2032 631 2093 stellarum
654 2031 806 2093 lixarum.
829 2030 957 2093 Tabula
980 2032 1195 2094 latitudinum.

205 2134 238 2193 In
262 2138 400 2207 operculo
422 2153 518 2210 super.
541 2139 717 2194 intrinsecus
740 2139 813 2194 haec
836 2145 908 2194 nota
930 2139 1073 2195 occurrit:
1122 2138 1226 2194 »Liber
1258 2138 1441 2210 Sigismundi
1465 2140 1500 2193 de

96 2222 234 2277 Hradecz
256 2223 394 2295 Regino«
420 2223 513 2280 Vetus
536 2227 611 2296 sign.
635 2225 671 2295 A,
697 2226 747 2281 37.

205 2389 295 2470 434
580 2390 652 2469 ΙΙΙ.
682 2393 719 2468 C.
747 2394 783 2468 3.
812 2408 856 2472 (r.
874 2407 912 2460 11.
932 2412 955 2461 1.
974 2425 1000 2461 a.
1020 2408 1074 2475 ar.)

97 2532 211 2591 citari.
234 2547 320 2592 saec.
343 2529 413 2590 XV
425 2530 466 2613 ff
490 2532 555 2596 299
576 2549 683 2606 nram,
704 2532 882 2596 30><21·5
902 2549 964 2594 cm.
989 2532 1020 2595 d.
1044 2551 1089 2594 m.

207 2651 227 2711 i.
256 2651 394 2714 1—167·
414 2651 597 2716 Haimonis
620 2657 698 2727 (seu
722 2653 839 2732 potius
863 2656 893 2715 b.
918 2652 1078 2732 Remigii)
1115 2653 1264 2716 Postilla
1296 2669 1401 2731 super
1434 2651 1502 2730 epi-

98 2738 214 2800 stolas
237 2755 266 2799 s.
288 2737 397 2800 Pauli.
423 2739 469 2800 »E
492 2739 648 2802 Corintho
671 2745 799 2802 civitate
823 2742 992 2820 metropoli
1008 2741 1143 2819 Achaye
1160 2743 1303 2818 regionis
1319 2738 1499 2801 Grecorum

99 2829 234 2904 scripsit
256 2828 426 2903 apostolus
449 2825 568 2887 Paulus
604 2826 760 2888 Romanis
795 2828 880 2889 hanc
914 2828 1104 2905 epistolam«
1131 2829 1163 2884 ><
1189 2825 1346 2906 »Explicit
1369 2825 1501 2887 Postilla

98 2911 308 2991 Haygmonis
331 2929 358 2972 s.
382 2931 410 2973 a.
435 2912 465 2973 b.
490 2912 522 2974 P.
546 2917 731 2986 (allamma
755 2918 904 2986 additum)
928 2912 977 2975 Fr.
1002 2914 1165 2976 Ambrosii
1188 2930 1264 2974 cum
1287 2912 1436 2975 iohanne
1459 2912 1499 2972 de

99 2997 308 3077 lt'nyezmost
331 2999 409 3060 liber
431 3003 491 3060 iste
514 3007 566 3060 est
590 3017 646 3078 per
669 3004 761 3079 ipsos
784 3006 1024 3078 comparatus«

207 3101 228 3161 i.
256 3097 457 3163 1691—2991’
479 3101 657 3180 Epistolae
680 3103 868 3166 canonicae
889 3101 1022 3178 iacobi,
1045 3102 1153 3178 Petri,
1175 3101 1359 3178 iohannis,
1390 3103 1503 3165 Judae

98 3205 179 3250 cum
206 3189 457 3251 commentario
480 3187 524 3250 Μ.
546 3189 720 3252 iohannis
742 3190 818 3251 llus
835 3195 871 3252 et
886 3189 1064 3252 nonnullis
1086 3189 1216 3268 glossis
1235 3189 1428 3253 bohemicis
1451 3190 1502 3251 in·

98 3275 357 3337 terlinearibus.
384 3275 496 3336 »Pater
517 3282 550 3337 et
571 3275 658 3337 lilius
681 3283 713 3337 et
736 3280 868 3355 spiritus
892 3293 918 3338 S.
943 3292 1031 3338 unus
1054 3276 1138 3338 deus
1158 3277 1308 3354 dignetur
1323 3280 1503 3339 misericor-

100 3364 180 3423 diter
207 3368 339 3422 nostras
362 3362 479 3422 sordes
501 3363 707 3441 abstergere«
734 3366 766 3422 ><
793 3361 857 3424 ›Ut
879 3361 936 3424 fiat
973 3368 1093 3438 tamen,
1129 3364 1217 3425 dicat
1249 3380 1338 3424 nunc
1372 3364 1504 3442 quilibet

99 3465 231 3510 amens

207 3555 239 3610 ln
262 3555 400 3626 operculo
423 3571 518 3627 super.
542 3559 719 3612 intrinsecus
744 3559 854 3612 nudato
879 3558 952 3612 haec
975 3563 1045 3612 nota
1068 3573 1174 3613 manus
1190 3573 1268 3614 saec.
1285 3555 1341 3612 XV
1357 3559 1500 3614 occurrit:

102 3643 268 3698 »Salomon
291 3648 453 3713 reportator
473 3640 515 3700 M.
537 3641 681 3698 Joirannis
704 3641 767 3698 Hus
790 3651 901 3714 partem
924 3645 1078 3700 estivalem
1101 3645 1219 3702 habet«
1265 3643 1299 3700 ln
1333 3645 1503 3700 membrana

100 3731 197 3784 codici
221 3728 383 3799 praeligata
405 3744 493 3784 manu
516 3745 594 3784 saec.
618 3727 699 3784 XVII
723 3736 843 3785 exarata
865 3737 911 3785 est
933 3733 1023 3786 series
1046 3737 1251 3787 contentorum
1274 3731 1364 3786 haec:
1394 3727 1422 3804 l)
1447 3731 1507 3786 Po-

101 3817 180 3870 stilla
204 3815 380 3886 liaymonia,
405 3816 438 3885 2)
460 3815 612 3886 Depositio
635 3817 794 3871 testimonii
818 3815 964 3872 iohannis
986 3817 1119 3873 Protivae
1143 3819 1182 3872 ad
1206 3819 1265 3874 divi
1290 3817 1450 3873 Clementis
1472 3821 1502 3872 in

101 3901 221 3958 Porzicz
245 3902 374 3972 plebani,
398 3901 431 3973 3)
453 3901 576 3957 Articuli
600 3903 638 3958 ab
661 3903 885 3976 archiepiscopo
909 3902 1058 3959 Sbincone
1081 3911 1185 3961 eontra
1207 3903 1248 3962 M.
1272 3903 1339 3960 Joh.
1362 3903 1427 3960 Hus
1443 3906 1504 3960 dati

101 4005 168 4044 cum
193 3987 367 4043 relutatione
391 3989 531 4058 eiusdem,
555 3989 822 4059 monumentarii
846 4005 934 4061 super
956 3993 1117 4046 canonicas
1140 3997 1195 4047 etc.
1220 3990 1278 4046 Sed
1303 4007 1381 4046 nunc
1405 3992 1502 4047 solum

101 4080 265 4146 supersunt
287 4089 376 4146 opera
397 4077 521 4145 primum
544 4080 573 4129 et
596 4076 730 4130 ultimum
755 4077 900 4132 ambobus
925 4077 1028 4132 mediis
1051 4077 1171 4134 excisis.

206 4240 296 4322 435
581 4241 653 4318 III.
684 4243 721 4320 C.
749 4245 784 4320 4.
812 4260 857 4326 (r.
876 4258 913 4312 11.
933 4263 958 4311 1.
978 4275 1004 4312 a.
1024 4261 1078 4324 aa.)

103 4383 215 4444 chart.
239 4379 653 4463 a.1445ffi286rmm.,
677 4385 718 4446 31
733 4382 817 4445 ><21
842 4401 905 4445 cm.
930 4383 961 4444 d.
985 4401 1030 4445 m.

209 4503 346 4567 Nicolai
369 4505 411 4566 de
434 4503 685 4584 Dinkelspuehl
709 4504 818 4584 Opera
840 4521 925 4584 quae
949 4511 1138 4585 sequuntur.

192 4591 214 4653 i.
243 4587 364 4652 1—31l
385 4589 565 4653 'tractatus
588 4591 630 4654 de
651 4591 764 4653 tribus
794 4593 952 4670 partibus
986 4591 1231 4669 poenitentiae.
1279 4591 1384 4653 »Ecce
1418 4609 1504 4654 nunc

104 4684 237 4758 tempus
260 4679 474 4756 acceptabile«
500 4680 534 4735 ><
559 4678 761 4758 »Expliciunt
784 4694 954 4739 sermones
978 4678 1019 4738 de
1035 4679 1137 4739 tribus
1153 4680 1298 4757 partibus
1314 4684 1504 4757 penitencie,

103 4767 257 4826 videlicet
277 4769 494 4838 contricionis,
518 4764 739 4827 confessionis
762 4771 794 4826 et
817 4765 1086 4842 satisfaccionis.‹

209 4867 231 4928 l.
256 4867 415 4929 322-85·
436 4867 626 4931 Sermones
648 4868 691 4930 de
721 4874 857 4947 septem
879 4867 1032 4946 peccatis
1048 4868 1264 4932 mortalibus.
1291 4867 1423 4932 »Homo
1436 4835 1506 4949 qui·

106 4955 182 5016 dam
207 4954 284 5015 lecit
306 4971 441 5016 cenam«
466 4956 500 5014 ><
525 4955 730 5034 ›Expliciunt
753 4971 924 5016 sermones
948 4955 988 5015 de
1022 4962 1149 5034 septem
1182 4959 1274 5018 viciis
1313 4956 1505 5034 capitalibus

106 5039 165 5102 biri
189 5039 282 5102 Nico.
308 5039 513 5120 Dynldspuel
535 5039 673 5122 Wyen.‹

786 5263 834 5316 169
