3830 5966
840 559 922 622 1057

284 767 305 830 i.
328 763 492 830 51·-951
515 767 683 845 Stephani
706 767 787 829 B..
811 812 820 828 .
844 767 889 831 cii
913 767 1050 845 (nomen
1074 768 1220 829 radendo
1243 768 1384 842 laesum)
1415 765 1517 828 Liber
1540 766 1582 829 de

178 855 351 917 fructibus
373 851 618 932 poenitentiae.
644 853 828 934 »Quoniam
852 855 1066 933 peccantibus
1087 865 1161 933 post
1178 855 1396 932 baptismum«
1419 855 1449 910 ><
1468 852 1580 933 »Expl.

178 943 258 1003 liber
280 942 321 1002 de
344 940 503 1002 fructibus
526 945 705 1019 penitencie
729 959 757 1002 a.
783 942 813 1002 d.
841 939 925 1002 1386
949 945 980 1002 in
1005 941 1055 1002 die
1083 943 1112 1002 b.
1138 940 1279 1001 Marcelli
1303 957 1345 1000 m.
1370 942 1430 1018 gl«

283 1044 302 1105 f.
328 1043 370 1107 96
393 1041 478 1106 Nota
501 1045 541 1106 de
565 1049 762 1124 poenitentia
785 1057 816 1105 et
839 1061 960 1106 versus
984 1045 1025 1105 de
1048 1048 1164 1104 virtute
1189 1043 1400 1121 psalmodiae.

283 1147 304 1208 l.
328 1141 965 1222 97⁵-1712<anepigr.)1)icti0narium
996 1146 1163 1209 vitiorum
1193 1153 1229 1209 et
1261 1147 1432 1208 virtutum
1466 1148 1581 1224 alpha·

178 1234 290 1297 betice
313 1233 496 1313 digestum.
523 1235 762 1296 »Abstinencia
795 1233 925 1315 Duplex
948 1240 1000 1296 est
1032 1235 1254 1295 abstinencia«
1281 1235 1320 1312 ><
1349 1233 1440 1294 »Vita
1471 1241 1581 1296 eterna

180 1367 215 1384 ..
255 1337 318 1402 que
342 1325 524 1400 preparavit
546 1321 630 1382 deus
654 1323 763 1382 electis
787 1325 868 1382 suis.
893 1322 945 1381 Ad
969 1338 1032 1400 que
1057 1338 1120 1382 nos
1137 1321 1313 1399 perducere
1331 1321 1496 1399 dignetur«
1520 1329 1580 1382 etc.

178 1407 234 1480 (ci.
259 1405 491 1468 Distinctiones
515 1405 658 1468 Mauricii
682 1409 777 1487 Angli
800 1412 833 1469 in
857 1409 929 1468 cod.
954 1406 975 1472 l.
1000 1407 1038 1468 Α.
1055 1407 1120 1481 35).

284 1511 303 1572 1.
332 1506 534 1572 1711-1721
560 1513 822 1591 ›Adaptaciones
846 1529 1040 1574 sermonum
1064 1516 1095 1572 in
1120 1513 1182 1573 hoc
1214 1512 1319 1571 libello
1343 1517 1581 1586 contentorum,

178 1604 275 1676 prout
296 1604 488 1676 competunt
511 1599 667 1675 sabbatis
691 1600 863 1661 dominicis
887 1605 920 1660 et
944 1598 1109 1660 ferialibus
1133 1599 1249 1660 diebus
1273 1601 1379 1658 tocius
1403 1602 1512 1659 anni«
1539 1601 1579 1677 ><

181 1685 292 1763 »Expl.
318 1700 435 1745 cursus
459 1692 561 1747 sanct.
588 1703 807 1748 sermonum«

283 1807 426 1879 Operculo
450 1824 546 1880 super.
571 1810 732 1880 adligatum
755 1817 800 1866 est
822 1809 1016 1880 fragmentum
1053 1811 1212 1864 membran.
1247 1809 1435 1864 instrumenti
1469 1810 1581 1880 publici

178 1895 286 1950 notarii
308 1909 429 1950 causam
446 1897 594 1966 quandam
618 1903 744 1953 monast.
788 1895 820 1953 S.
845 1896 980 1953 Coronae
1012 1913 1038 1953 a.
1068 1896 1148 1952 1387
1173 1897 1386 1952 consumentis.
1434 1895 1580 1968 Operculo

177 1980 261 2041 infer.
285 1981 386 2052 fragm.
410 1983 570 2039 membran.
594 1983 762 2039 documenti
787 1983 945 2040 cuiusdam
968 1983 1128 2055 germanici
1152 1998 1179 2040 a.
1208 1981 1447 2054 1397.1nsuper
1477 1983 1582 2054 inliga-

176 2077 240 2123 tum
264 2075 307 2124 est
330 2067 430 2137 lragm.
455 2071 574 2124 membr.
599 2071 767 2126 documenti
797 2071 953 2127 cuiusdam
988 2071 1118 2126 radendo
1141 2069 1234 2124 vitiati
1258 2071 1333 2124 inter
1355 2069 1384 2123 li.
1410 2069 1450 2126 96
1476 2077 1504 2124 et
1530 2071 1580 2138 98,

176 2158 207 2208 in
231 2171 290 2226 quo
314 2164 470 2211 occurrunt
492 2158 552 2212 duo
575 2157 698 2214 abbates
721 2157 933 2213 Cistercienses
957 2153 1044 2234 (alter
1071 2161 1198 2212 monast.
1232 2153 1405 2225 Plasensis).
1450 2154 1483 2210 ln
1507 2157 1582 2228 trag-

176 2249 277 2296 mento
302 2241 421 2298 membr.
444 2243 537 2313 primo
562 2249 694 2299 notatum
717 2250 778 2299 est:
806 2242 917 2299 »istum
941 2244 1047 2299 librum
1071 2243 1199 2298 restituit
1222 2244 1309 2298 nobis
1326 2243 1406 2298 dom.
1430 2241 1580 2299 iohannes

175 2331 212 2383 de
251 2327 404 2399 Stropnicz
442 2330 573 2385 notarius
612 2331 689 2388 dom.
729 2332 764 2385 de
788 2330 894 2386 Rosis«
916 2374 924 2389 .
944 2373 950 2385 .
972 2375 978 2387 .
997 2331 1026 2386 in
1061 2329 1210 2386 secundo:
1258 2327 1362 2383 »Liber
1393 2335 1518 2387 monast.
1544 2332 1580 2386 ad

177 2413 318 2471 Sanctam
342 2415 480 2485 Spineam
504 2415 670 2472 Coronam«
693 2461 699 2474 .
720 2461 727 2473 .
749 2461 755 2474 .
774 2413 932 2489 Operculis
964 2415 1148 2488 adglutinata
1181 2421 1251 2472 sunt
1285 2415 1447 2486 fragmenta
1482 2415 1581 2472 cuius·

176 2504 245 2556 darn
271 2502 382 2572 registri
405 2517 610 2573 expensarum.

286 2667 383 2752 1⁰57
769 2671 826 2747 VI.
852 2672 897 2748 B.
925 2670 987 2746 23.

175 2809 287 2870 chart.
309 2827 398 2873 saec.
421 2809 546 2891 XVff.
568 2810 636 2872 315
656 2829 760 2886 rrum,
780 2809 958 2874 30><2r5
971 2828 1034 2871 cm.
1057 2811 1089 2871 d.
1113 2829 1158 2872 m.

283 2929 303 2992 i.
333 2927 447 2992 l⁸-lb
471 2929 639 2993 Sententia
661 2933 819 2993 arbitralis
842 2937 873 2992 in
907 2949 1010 2993 causa
1043 2932 1186 3011 quadam
1223 2936 1304 2992 inter
1339 2933 1514 3010 capitulum
1550 2939 1581 2992 et

175 3017 292 3079 iratres
316 3023 459 3080 minores
482 3017 740 3079 Budissinenses
762 3025 917 3098 vergente
942 3019 1118 3096 prolatae.
1146 3019 1237 3081 1443.

281 3120 303 3181 t.
331 3118 445 3184 11-3·
468 3121 568 3184 Bulla
592 3122 718 3200 synodi
739 3121 948 3184 Basiliensis
972 3120 1185 3184 confirmans
1208 3121 1443 3201 indulgentias
1477 3138 1579 3199 quas-

176 3209 259 3271 dam
280 3207 451 3271 eeclesiae
474 3207 644 3270 illacensi
666 3208 801 3286 pridem
824 3225 1014 3272 concessas
1037 3224 1067 3273 a.
1093 3209 1185 3284 1434,
1208 3207 1270 3270 xn
1292 3207 1359 3270 kal.
1384 3207 1465 3272 Dec.

281 3311 300 3373 i.
326 3307 361 3371 3b
383 3312 478 3374 Pillae
502 3319 616 3374 contra
638 3313 807 3390 caliginem
831 3315 1013 3374 oculorum.

281 3415 301 3477 i.
324 3419 362 3476 4³
385 3418 469 3490 (lolio
493 3435 552 3476 uno
577 3421 725 3491 truncato)
748 3417 835 3476 Finis
860 3423 1055 3477 statutorum
1091 3416 1296 3495 quorundam
1333 3418 1579 3493 provincialium

177 3503 327 3564 datorum
351 3521 380 3565 a.
409 3502 500 3565 1359.

280 3605 302 3666 t.
325 3601 445 3668 41--51
467 3606 602 3669 Alberti
625 3606 774 3684 archiep.
800 3604 1019 3669 Gneznensis
1042 3607 1086 3667 ad
1109 3606 1308 3669 conradum
1331 3605 1437 3684 episc.
1453 3607 1582 3670 Wrati-

176 3691 391 3755 slaviensenr
414 3695 617 3756 mandatum
639 3694 682 3756 de
706 3708 799 3754 nova
820 3691 958 3755 rubrica
980 3691 1016 3754 in
1038 3709 1228 3772 parasceve
1250 3693 1479 3770 observanda,
1512 3695 1580 3757 dat.

176 3776 361 3842 Lanciciae
384 3781 476 3842 dom.
499 3779 600 3843 Oculi
623 3796 653 3842 a.
680 3777 773 3842 1430.

281 3882 304 3944 1.
327 3881 468 3944 51-15·
491 3883 687 3946 Declaratio
711 3882 868 3947 eiusdem
892 3883 1061 3946 rubricae.

282 3987 303 4048 i.
332 3983 490 4049 15¹³-er
513 3987 629 4050 Sermo
653 3989 694 4048 de
718 3991 980 4066 praesentatione
1004 3985 1126 4048 Mariae
1149 3991 1290 4065 virginis.

281 4091 302 4153 i.
329 4087 510 4154 182—220b
531 4089 716 4170 Expositio
740 4091 831 4154 sacri
854 4089 1001 4154 canonis
1022 4091 1154 4153 missae
1170 4089 1355 4169 compilata
1382 4108 1463 4169 »pro
1486 4090 1580 4155 felici

176 4178 395 4241 incremento
417 4178 660 4240 universitatis
683 4177 908 4257 Lipsiensis«.
947 4175 1146 4239 ›Reverendi
1182 4183 1291 4256 patres
1315 4185 1347 4238 et
1371 4180 1511 4240 domini«
1539 4179 1579 4258 ><

178 4269 233 4325 »ut
256 4269 288 4325 in
312 4271 459 4327 eternum
482 4261 655 4327 laudemus
679 4283 765 4336 eum,
800 4269 855 4343 qui
877 4268 957 4326 vivit
979 4272 1040 4326 etc.
1085 4263 1179 4342 Expl.
1214 4267 1384 4342 exposicio
1408 4269 1576 4327 canonis«

174 4349 276 4424 (llain
299 4349 385 4413 6808
408 4353 507 4414 habet
529 4357 697 4414 auctorem
727 4349 952 4412 vincentium
975 4349 1137 4429 Gruner.)

280 4454 302 4514 l.
326 4450 526 4518 2212-2811‘
548 4455 706 4536 (anepigr.)
728 4453 910 4517 Tractatus
934 4460 1059 4516 contra
1081 4453 1365 4517 communionem
1395 4456 1460 4517 sub
1484 4461 1576 4518 utra·

174 4556 243 4619 que
266 4544 312 4613 (in
337 4540 403 4603 tine
426 4544 618 4618 mutilatus).
646 4541 834 4603 »Debemus
857 4545 996 4602 invicem
1020 4541 1168 4620 diligere«
1195 4541 1228 4598 ><
1253 4547 1305 4601 »et
1327 4539 1510 4604 Gracianus
1534 4543 1580 4603 di·

175 4633 231 4689 cit:
257 4627 541 4690 Constituciones‹
568 4634 689 4701 (cetera
712 4627 940 4689 desiderantur
963 4628 1178 4708 sequentibus
1194 4629 1317 4706 aliquot
1332 4627 1415 4690 loliis
1433 4631 1578 4704 evulsis).

280 4731 300 4792 i.
326 4731 388 4793 282
413 4731 643 4810 Fragmentum
668 4733 840 4794 dubiorum
865 4731 906 4792 de
931 4733 1104 4810 baptisma.

280 4837 302 4897 i.
326 4831 406 4897 283b
429 4834 532 4898 Notae
556 4837 718 4915 quaedam
742 4839 990 4914 computisticae
1020 4835 1063 4895 ad
1104 4853 1134 4896 a.
1174 4835 1342 4896 1430-32
1380 4841 1579 4915 spectantes.

281 4939 301 5003 i.
326 4939 530 5002 asu-288²
554 4939 776 5019 Responsum
799 4938 977 5002 facultatis
1000 4939 1217 5019 theologicae
1232 4937 1455 5002 Eriordensis
1471 4955 1581 5018 super

175 5026 291 5090 dubiis
314 5026 407 5090 circa
429 5027 597 5090 miracula
619 5027 654 5088 in
676 5025 850 5102 wilsnak,
874 5027 944 5090 dat.
968 5043 998 5087 a.
1025 5025 1116 5088 1446.

850 5249 901 5300 437
