3890 5970
1079 585 1136 646 122

416 863 419 869 Ι
503 787 524 850 1.
553 789 647 849 1951ῑ
674 789 878 869 »Expliciunt
909 792 994 853 dicta
1024 792 1208 872 Haymonis
1231 795 1359 855 abbatis
1383 793 1596 856 Cliniacensis
1620 795 1743 855 ordinis
1768 792 1802 854 S.

402 873 568 936 Benedicti
593 881 624 936 et
647 893 740 938 sacre
766 879 926 956 theologie
950 880 1093 940 docton's
1117 896 1217 958 super
1239 882 1397 958 epistolas
1422 880 1508 942 Pauli
1534 899 1590 960 per
1606 898 1725 942 manus
1742 881 1804 959 sy-

402 961 516 1023 monis
540 963 726 1040 presbiteri
758 970 834 1025 tunc
858 970 1014 1043 temporis
1037 969 1145 1026 vicarii
1169 965 1205 1027 in
1229 965 1378 1045 smydar
1400 983 1523 1029 moram
1549 969 1714 1036 trahentis,
1739 973 1803 1029 nati

401 1050 542 1109 condam
568 1049 757 1110 Duchconis
782 1051 822 1111 de
846 1051 974 1111 Ledecz
998 1069 1098 1130 prope
1115 1051 1345 1114 Rozdalowicz
1361 1060 1393 1115 et
1408 1055 1471 1114 hoc
1487 1053 1566 1115 feria
1581 1053 1623 1114 lV
1639 1059 1669 1114 in
1687 1061 1806 1115 octava

401 1133 459 1195 SS.
485 1143 591 1214 apost.
617 1136 697 1197 Petri
722 1142 754 1197 et
777 1137 865 1198 Pauli
881 1143 912 1198 in
926 1155 1056 1199 camera
1079 1145 1158 1216 aput
1173 1139 1341 1200 dominum
1356 1140 1614 1220 Hynczyconem
1627 1143 1804 1219 plebanum

400 1225 431 1282 in
455 1221 598 1301 Smydar
622 1223 783 1284 decanum
807 1241 836 1284 a.
862 1225 893 1286 d.
920 1223 1033 1286 1401.‹

504 1347 606 1402 Codex
630 1365 655 1405 a.
684 1349 764 1405 1609
788 1349 858 1406 bibl.
883 1349 1123 1420 xosenbergicae,
1147 1351 1215 1405 dein
1240 1353 1407 1406 monasterii
1430 1349 1627 1406 Tiebonensis
1651 1351 1714 1407 luit.

508 1550 576 1629 ΙΏ
993 1551 1175 1628 [Gffl

400 1707 509 1769 chari.
534 1725 566 1768 a.
598 1706 680 1768 1411
703 1708 751 1790 ff.
783 1709 857 1784 170,
886 1707 1029 1772 30)(22
1058 1727 1120 1770 cm.
1150 1710 1239 1771 Zau.
1271 1727 1348 1770 curn
1380 1711 1426 1772 lii.
1458 1712 1579 1773 initiat.
1610 1713 1739 1788 rubris,
1769 1715 1804 1774 1'11

399 1811 549 1873 quarum
568 1795 682 1874 prima
705 1797 854 1856 occurrit
878 1793 1006 1875 effigies
1028 1797 1175 1857 doctoris
1197 1797 1331 1858 calamo
1355 1798 1534 1860 delineata.

502 1931 598 1993 Petri
613 1931 797 1994 Lombardi
810 1933 1068 1996 Sententiarum
1079 1935 1157 1996 libri
1164 1935 1208 1996 111
1220 1942 1254 1998 et
1269 1935 1315 1996 1v
1327 1953 1408 1998 cum
1419 1937 1640 2013 expositione
1652 1938 1804 2000 Thomae

399 2019 584 2097 Aquinatis
609 2025 644 2080 et
667 2018 756 2081 Guil.
780 2020 944 2085 Durandi.

412 2142 415 2150 ·
502 2123 522 2184 1.
551 2120 686 2184 11-56δ
710 2123 948 2186 Sententiarum
972 2127 1051 2186 liber
1073 2125 1121 2187 111.

411 2231 414 2259 ²
498 2229 519 2290 1.
543 2227 705 2290 osb-80¹³
728 2227 898 2307 Expositio
922 2245 996 2290 cum
1019 2231 1122 2290 hocce
1146 2230 1227 2291 line:
1255 2230 1411 2309 »Explicit
1433 2232 1554 2292 lectura
1571 2233 1655 2294 beati
1670 2233 1803 2295 Thome

397 2317 439 2378 de
462 2315 601 2394 Aquino
633 2321 664 2376 et
695 2317 727 2375 in
758 2321 847 2394 parte
878 2314 1033 2377 Durandi
1055 2334 1154 2395 super
1177 2316 1224 2378 lii.
1249 2317 1301 2378 lib.
1332 2316 1578 2380 Sentenciarum
1603 2335 1660 2397 per
1682 2337 1802 2381 manus

397 2405 503 2464 fratris
525 2401 699 2464 iohannis
723 2401 805 2464 dicti
837 2402 975 2464 Zadube
1003 2411 1085 2465 tunc
1114 2403 1256 2465 lectoris
1286 2404 1516 2466 Weronensis
1550 2405 1727 2486 finitusque
1752 2417 1804 2468 est

398 2508 454 2568 per
477 2490 621 2550 eundem
641 2535 648 2548 .
669 2536 675 2549 .
696 2538 702 2551 .
722 2507 750 2549 a.
776 2490 806 2550 d.
834 2488 946 2551 illi«

408 2603 411 2612 ·
498 2593 518 2654 1.
543 2594 580 2655 81
609 2599 640 2654 et
663 2593 703 2654 82
728 2597 798 2666 (sol.
822 2604 850 2653 et
873 2598 984 2665 scisso)
1007 2593 1108 2655 Index
1131 2600 1163 2653 et
1186 2600 1282 2656 notae
1307 2595 1349 2655 ad
1373 2601 1483 2656 mater.
1509 2597 1658 2673 praeced.

498 2698 519 2758 f.
544 2693 726 2759 83⁸-157b
758 2695 996 2758 Sententiarum
1028 2697 1106 2758 liber
1136 2695 1178 2758 IV
1209 2715 1283 2758 cum
1312 2699 1414 2759 hocce
1446 2697 1527 2759 fine:
1559 2699 1715 2777 »Explicit
1738 2700 1802 2762 4¹³³

398 2783 656 2931 bgeessttieffcmmm'
687 2788 797 2861 incipit
827 2785 949 2845 lectura
980 2801 1080 2862 super
1101 2791 1251 2862 quartum
1277 2785 1391 2845 librum
1416 2791 1656 2847 sentenciamm
1672 2786 1802 2847 Tbome

501 2974 522 3035 1.
552 2974 720 3035 157-170
749 2974 919 3052 Expositio
950 2975 1017 3035 libri
1041 2973 1083 3034 IV
1106 2991 1211 3053 usque
1235 2975 1277 3035 ad
1301 2992 1372 3053 cap.
1397 2974 1476 3048 XIII,
1500 2976 1589 3054 quod
1624 2977 1744 3038 desinit
1767 2983 1797 3039 in

397 3062 518 3122 haecce
541 3063 657 3122 verba:
678 3061 785 3139 »quod
804 3060 930 3122 bonitas
950 3062 1001 3121 vel
1014 3062 1139 3122 malicia
1151 3065 1285 3122 ministri
1305 3063 1401 3122 nichil
1420 3061 1495 3123 lacit
1513 3062 1555 3123 ad
1569 3069 1797 3126 consecracio-

397 3165 484 3219 nem,
509 3149 670 3226 quiahoc
693 3165 760 3209 non
784 3153 833 3208 in«
861 3153 988 3208 caetera
1012 3149 1133 3209 desunt
1155 3148 1238 3209 foliis
1263 3151 1372 3209 multis
1396 3153 1525 3212 excisis.

410 3289 412 3296 ¹
500 3272 546 3326 Ad
570 3287 665 3344 opere.
696 3287 792 3342 super.
825 3271 985 3342 adligatum
1009 3276 1053 3325 est
1087 3271 1135 3327 iol.
1161 3271 1280 3328 membr.
1315 3272 1427 3326 codicis
1451 3273 1605 3328 cuiusdam
1629 3289 1707 3330 saec.
1733 3273 1800 3329 Xill

397 3359 479 3413 latini
502 3359 664 3429 argumenti
689 3357 896 3429 philosophici.
920 3357 1099 3413 intrinsecus
1115 3364 1170 3414 utr.
1184 3372 1280 3428 operc.
1299 3365 1456 3414 occurrunt
1479 3364 1565 3414 notae
1588 3361 1697 3429 variae,
1723 3361 1798 3416 inter

396 3461 470 3516 quas
500 3447 644 3516 quaedam
674 3447 711 3500 ad
742 3443 940 3500 calendarium
970 3445 1154 3514 pertinentes,
1187 3443 1287 3499 Codex
1319 3453 1418 3502 noster
1450 3445 1520 3500 olim
1550 3455 1611 3501 erat
1634 3455 1799 3502 conventus

396 3531 547 3587 Plznensis
571 3534 633 3589 ord.
658 3530 819 3589 Praedicnt.

414 3716 572 3797 ἸΆ
973 3713 1184 3790 iuna

395 3876 500 3936 clrurl.
526 3893 558 3935 a.
582 3875 668 3936 1406
678 3873 725 3956 ff.
750 3873 826 3947 194,
849 3873 993 3936 29><22
1014 3890 1077 3934 cnr.
1102 3873 1133 3933 d.
1157 3891 1202 3934 m.

500 4015 686 4077 Sermones
709 4013 808 4088 varii,
831 4011 1013 4090 praecipue
1036 4011 1078 4073 de
1101 4011 1244 4086 sanctis.

496 4119 622 4179 initium
647 4119 749 4178 deest.
774 4117 822 4178 11
852 4121 976 4195 incipit:
1005 4117 1104 4176 »exilii
1129 4116 1170 4176 ad
1192 4117 1429 4178 habitacionem
1446 4121 1534 4196 regni
1551 4118 1680 4178 celestis
1697 4119 1794 4178 intro·

397 4206 501 4266 ducit«
531 4253 538 4266 .
564 4253 570 4265 .
596 4253 602 4266 .
628 4203 647 4265 1.
672 4200 791 4265 3¹³—6b
816 4203 864 4265 De
888 4208 1042 4282 passione
1066 4201 1184 4264 Christi
1208 4201 1338 4275 (Sermo
1362 4205 1412 4264 hic
1442 4221 1537 4282 porro
1560 4209 1713 4264 tractatur
1737 4205 1796 4264 sed

395 4309 460 4353 non
484 4293 663 4352 absolvitur·
685 4291 706 4352 1.
734 4289 794 4351 193
817 4297 849 4350 et
875 4289 945 4350 194.
970 4289 1083 4350 Eidem
1107 4294 1228 4350 inserta
1251 4298 1302 4350 est
1325 4292 1514 4370 apocrypha
1537 4291 1670 4351 historia
1684 4289 1796 4357 Pilati).

396 4377 513 4439 198²:
552 4377 709 4456 »Explicit
741 4378 805 4437 hoc
836 4393 921 4455 opus
952 4395 980 4437 a.
1006 4377 1036 4436 d.
1063 4374 1177 4437 1406«.
1209 4374 1426 4437 Nihilominus
1450 4383 1632 4455 sequuntur
1653 4377 1704 4436 alli
1728 4391 1796 4437 ser*

395 4481 511 4526 mones
535 4482 641 4543 usque
665 4465 706 4524 ad
730 4464 751 4525 1.
780 4459 866 4537 1791,
890 4468 971 4524 inter
993 4479 1078 4540 quos
1102 4471 1179 4523 sunt
1202 4467 1299 4522 etiam
1324 4480 1494 4524 sermones
1518 4464 1559 4523 de
1573 4461 1631 4524 SS.
1649 4469 1796 4540 patronis

395 4551 581 4613 Bohemiae.
1802 4571 1804 4578 ¹

496 4655 516 4717 1.
545 4651 745 4716 1801-1911
769 4658 927 4728 (anepigr.)
951 4652 984 4714 S.
1007 4651 1275 4714 Bonaventurae
1300 4651 1489 4730 ¹Expositio
1512 4653 1641 4714 missae
1665 4657 1798 4726 (carens

394 4743 483 4816 fine).
511 4741 681 4804 »Christus
704 4745 867 4801 assistens
891 4739 1054 4818 pontifex«
1080 4747 1140 4800 etc.

496 4866 676 4922 intrinsecus
706 4881 802 4936 opere.
835 4881 930 4937 super.
961 4865 1034 4920 haec
1065 4873 1134 4920 nota
1158 4865 1284 4921 occurrit
1315 4845 1532 4921 calamo'saec.
1557 4863 1611 4919 XV
1634 4867 1797 4936 inscripta:

396 4953 499 5028 {Liber
519 4960 696 5008 ¹*conventus
728 4952 999 5026 Glathowyensis«.
1030 4951 1141 5008 Deinde
1172 4959 1233 5006 erat
1264 4959 1427 5008 conventus
1452 4951 1600 5007 Plznensis
1625 4953 1690 5007 ord.
1714 4967 1797 5022 prae-

394 5043 568 5096 dicatorum.

1078 5261 1112 5308 44
