3812 5968
1054 547 1118 617 956

489 767 521 824 ln
545 767 687 826 schedula
709 767 847 839 operculo
877 781 974 838 super.
1005 766 1190 836 adglutinata
1223 767 1271 820 hic
1305 765 1409 821 titulus
1445 769 1505 819 est:
1556 763 1683 834 »Quarta
1718 779 1786 848 pags

384 855 550 926 temporis«
578 855 690 910 Partem
712 852 752 910 Ill
776 854 813 909 ab
836 854 939 908 eodem
961 853 1080 908 librario
1104 860 1255 920 exaratam
1277 867 1314 908 v:
1337 850 1389 909 lV.
1412 850 1444 906 F.
1469 850 1508 906 23
1533 847 1585 918 (ci.
1608 847 1737 906 vestnlk
1751 849 1785 906 C.

384 943 420 998 Α.
448 941 528 1000 1899
553 959 581 1012 p.
607 941 668 998 287
692 947 721 996 et
743 923 811 997 Cas.
837 939 904 997 hist.
934 939 1013 995 1903
1045 955 1074 1010 p.
1113 938 1198 1010 198.)
1234 936 1361 994 Codices
1396 938 1453 993 hos
1483 939 1641 993 cohaerere
1676 944 1788 1008 praeter

384 1029 558 1099 scripturam
581 1029 668 1082 etiam
691 1030 893 1083 demonstrant
916 1029 1084 1097 signaturae
1101 1025 1166 1082 libr.
1184 1025 1340 1080 Carolinae
1364 1023 1560 1080 vetustiores:
1584 1024 1664 1079 illius
1680 1023 1720 1083 M.
1738 1024 1782 1078 38.

384 1113 418 1184 li,
443 1117 530 1171 huius
554 1113 592 1171 M.
620 1114 671 1172 39.
698 1113 733 1174 Κ.

487 1281 567 1363 956
860 1281 903 1356 V.
934 1281 979 1355 G.
1007 1280 1043 1353 4.
1072 1295 1116 1362 (Υ.
1135 1295 1156 1346 l.
1174 1297 1199 1348 2.
1218 1311 1244 1346 n.
1263 1295 1317 1357 69.)

384 1423 492 1484 chart.
515 1438 602 1483 saec.
626 1419 749 1502 XVff.
774 1421 847 1498 138,
870 1421 909 1482 21
926 1419 1014 1482 ><16
1037 1437 1100 1482 cm.
1125 1423 1144 1482 l
1169 1439 1213 1482 m.

383 1542 573 1605 Eberhardi
594 1542 745 1621 Hispani
765 1543 969 1606 Priscianus
993 1542 1160 1605 metricus
1195 1559 1259 1604 seu
1292 1541 1387 1603 Petri
1421 1538 1518 1601 Eliae
1553 1539 1607 1618 (z
1623 1540 1665 1600 de
1688 1537 1787 1616 Riga)

721 1630 994 1691 commentarius
1018 1629 1193 1692 Prisciani
1215 1627 1448 1692 versificatus.

487 1732 507 1794 f.
536 1737 569 1793 1Ε
595 1731 705 1795 »Sicut
727 1734 847 1794 abesse
871 1737 915 1793 rei
940 1734 1023 1793 soliti
1048 1749 1115 1794 rem
1141 1750 1288 1812 promere
1306 1733 1437 1792 dicunt«
1455 1728 1625 1792 ><1138ι
1650 1727 1785 1790 »Sidera

383 1822 480 1899 polus
508 1820 569 1880 hec
592 1824 624 1881 in
647 1819 778 1899 Virgilio
803 1824 1014 1898 reperimus«

488 2009 567 2090 957
836 2009 879 2084 V.
912 2009 954 2084 G.
981 2011 1017 2086 5.
1052 2023 1095 2088 (r.
1115 2023 1149 2076 11.
1168 2025 1193 2076 r.
1213 2041 1238 2075 n.
1258 2025 1311 2086 70.)

385 2150 493 2210 chart.
516 2165 605 2211 saec.
628 2148 697 2210 XV
707 2145 750 2233 ff.
774 2150 819 2212 65
839 2167 941 2226 tcum„
966 2150 1009 2212 22
1023 2149 1117 2228 ><16
1139 2166 1202 2210 cm.
1227 2149 1259 2210 d.
1282 2166 1326 2209 m.

490 2271 510 2331 f.
539 2266 677 2332 12-17b
701 2269 838 2350 (Jacobi
862 2273 903 2332 de
928 2270 1032 2350 Misa)
1068 2270 1249 2332 Tractatus
1273 2270 1316 2332 de
1340 2267 1590 2331 communione
1612 2268 1677 2329 sub
1699 2273 1789 2328 utre·

385 2375 452 2436 que
477 2357 655 2420 laicorum.
682 2357 800 2437 »Quod
824 2375 891 2419 non
916 2360 1023 2420 solum
1048 2358 1259 2418 sacerdotes«
1286 2359 1319 2415 ><
1346 2358 1425 2418 »hec
1450 2355 1538 2416 done
1559 2371 1627 2415 non
1658 2372 1785 2434 parva<

489 2460 509 2522 f.
539 2456 696 2521 lib-24⁸
721 2462 941 2523 Auctoritates
966 2478 1024 2541 pro
1048 2462 1165 2521 eadem
1189 2463 1434 2521 communione.

490 2565 509 2626 l.
535 2565 696 2626 251-511
723 2565 939 2642 »Responsio
962 2566 1007 2628 ad
1029 2565 1256 2627 auctoritates
1280 2567 1403 2626 contra
1435 2563 1664 2642 parvulorum
1696 2579 1785 2624 com-

386 2651 589 2713 munionem
611 2668 675 2730 per
696 2651 919 2715 collectorem
942 2653 1137 2715 collectas«
1168 2650 1267 2712 »Boni
1291 2651 1455 2729 siquidem
1479 2651 1649 2711 catholici«
1677 2651 1707 2706 ><
1734 2655 1785 2708 ›ut

385 2755 442 2817 pro
466 2741 626 2800 concluso
648 2739 799 2800 habere«

488 2842 508 2904 f.
533 2837 694 2902 512-65b
719 2843 938 2904 Auctoritates
963 2859 1064 2921 super
1087 2842 1204 2902 eadem
1228 2845 1371 2902 materia.
1478 2818 1479 2821 Ἴ

487 2948 521 3005 In
543 2950 682 3021 operculo
705 2965 801 3020 super.
825 2950 1002 3005 intrinsecus
1025 2949 1172 3020 opuscula
1194 2948 1238 3003 sic
1261 2948 1464 3004 intitulentur:
1500 2945 1629 3002 »Contra
1652 2947 1781 3002 sciollum

383 3036 507 3106 epistola
529 3037 631 3107 pulcra
653 3039 688 3092 de
712 3039 918 3092 communione
941 3037 1103 3107 laycorum.
1128 3035 1345 3105 Responsiones
1380 3037 1416 3090 ad
1451 3034 1641 3089 auctoritates
1675 3039 1773 3088 contra

385 3124 570 3178 collectorem
595 3125 661 3179 »Ad
684 3124 845 3178 honorem«
868 3125 1014 3194 quendam
1039 3128 1201 3178 tractatus«
1227 3119 1286 3191 (Cl.
1310 3121 1347 3180 V.
1372 3120 1407 3178 G.
1433 3121 1451 3175 6
1476 3126 1504 3175 et
1527 3119 1603 3175 Vlll.
1621 3119 1643 3174 E
1660 3121 1687 3176 7.
1710 3119 1728 3174 t'.
1745 3117 1781 3188 l)‘

385 3208 476 3264 Vetus
500 3211 575 3279 sign.
607 3211 626 3278 i,
654 3210 702 3266 13.

489 3375 571 3456 958
882 3376 923 3451 V.
954 3376 998 3451 G.
1028 3379 1062 3450 6.
1091 3392 1135 3458 (r.
1154 3391 1191 3444 11.
1209 3393 1234 3442 a.
1253 3407 1278 3442 n.
1298 3392 1351 3455 γι.)

384 3517 491 3580 chart.
514 3533 602 3579 saec.
625 3513 695 3577 XV
713 3515 859 3597 (antec.
885 3517 983 3590 1433)
994 3516 1040 3599 ff
1063 3517 1107 3579 84
1130 3516 1186 3596 (.-;
1202 3517 1221 3579 7
1233 3515 1326 3596 sext.)
1348 3516 1388 3577 21
1404 3516 1493 3578 ><15
1515 3533 1577 3578 cm.
1600 3515 1619 3577 1
1646 3533 1689 3577 m.

384 3637 570 3718 (iohannis
593 3639 636 3698 de
658 3631 826 3713 Piibram)
855 3637 1053 3700 »Tractatus
1075 3654 1139 3717 pro
1163 3637 1411 3700 communione
1441 3637 1626 3715 utriusque
1658 3637 1781 3715 speciei

448 3725 561 3802 quoad
584 3723 724 3787 adultos
747 3730 783 3787 et
805 3725 975 3803 parvulos
997 3741 1062 3803 pro
1086 3723 1269 3787 audiencia
1291 3723 1479 3786 Basiliensi
1502 3724 1715 3802 adoptatus«

486 3829 506 3890 l.
537 3831 565 3890 l·
589 3828 661 3889 »Ad
684 3831 843 3890 honorem
868 3830 955 3894 dom.
986 3827 1066 3889 Jesu
1102 3829 1247 3890 crucifixi
1284 3828 1532 3908 profectumque
1567 3830 1726 3890 ecclesie«
1751 3831 1780 3884 ><

384 3915 404 3976 l.
428 3909 485 3976 82b
512 3932 572 3976 »ex
596 3931 662 3994 quo
686 3921 806 3990 omnia,
845 3919 877 3978 in
901 3932 968 3995 quo
992 3921 1112 3990 omnia,
1158 3932 1337 3994 perquem
1361 3919 1484 3976 omnia.
1514 3913 1585 3976 Hec
1616 3917 1685 3976 ille«
1717 3916 1781 3988 (hic

383 4007 498 4063 citatur
527 4001 682 4063 Matthias
706 4003 746 4063 de
769 4003 910 4078 Janow).

486 4125 638 4182 Tractatus
662 4127 710 4182 hic
733 4129 854 4183 omnino
877 4127 1025 4198 discrepat
1049 4130 1086 4183 ab
1110 4128 1161 4184 illa
1183 4127 1341 4199 positione,
1377 4143 1466 4199 quam
1489 4126 1529 4186 M.
1565 4127 1716 4183 lohannes
1750 4129 1783 4180 de

383 4214 560 4284 Rokyczana
583 4213 614 4268 in
637 4213 763 4269 concilio
787 4213 944 4270 Basiliensi
967 4215 1121 4285 proposuit
1145 4220 1172 4269 et
1195 4217 1348 4270 ediderunt
1364 4213 1494 4269 Martene
1519 4215 1544 4269 8
1568 4214 1689 4270 Durand
1704 4213 1785 4284 (Col-

382 4301 448 4356 lect.
473 4298 550 4368 VIII,
576 4300 637 4355 262
661 4301 730 4372 sq.).
755 4299 796 4354 De
821 4307 939 4356 auctore
962 4301 998 4356 cl.
1023 4302 1090 4358 cod.
1115 4299 1191 4359 VIII.
1214 4300 1246 4356 F.
1272 4300 1322 4356 22.
1347 4300 1367 4355 l.
1393 4301 1466 4356 237.
1502 4299 1604 4356 Codex
1629 4307 1782 4373 coopertus

383 4393 428 4442 est
451 4386 614 4457 fragmento
638 4389 822 4442 instrumenti
845 4388 926 4458 publ.
951 4387 1057 4442 notarii
1081 4391 1117 4444 de
1141 4404 1168 4444 a.
1197 4387 1287 4444 1323.

487 4569 567 4650 959
883 4571 924 4646 V.
955 4571 1000 4646 G.
1030 4572 1063 4646 7.
1093 4587 1139 4652 (r.
1158 4587 1191 4638 11.
1211 4589 1236 4638 4.
1255 4591 1348 4654 aaa)

382 4709 490 4771 chart.
524 4727 609 4772 saec.
634 4707 673 4771 X
678 4709 707 4770 V
715 4707 764 4789 js.
788 4711 852 4774 138
874 4729 966 4772 ntem.
989 4711 1092 4790 (recte
1113 4710 1201 4791 148),
1233 4711 1384 4790 22><16
1406 4728 1469 4772 cm.
1492 4711 1514 4773 2
1536 4729 1581 4771 m.

487 4831 506 4892 l.
535 4827 672 4892 1.„24u
695 4834 854 4908 (anepigr.)
876 4831 1059 4895 Tractatus
1082 4834 1126 4894 de
1148 4831 1397 4895 communione
1414 4833 1480 4894 sub
1496 4837 1654 4910 utraque.
1683 4830 1782 4910 »Quia
1894 4853 1895 4874 1

382 4919 448 4978 heu
471 4921 502 4979 in
525 4916 656 4997 templis
679 4919 948 4980 christianorum
968 4921 1001 4978 ><
1020 4917 1109 4980 ›Hec
1125 4920 1240 4997 glossa
1256 4919 1449 4981 ordinaria«
1477 4916 1687 4998 (Sequuntur
1700 4921 1780 4978 allae
1894 4911 1895 4918 ’

382 5005 615 5085 auctoritates).

1059 5227 1110 5279 398
