3820 5966
805 543 869 604 553

241 755 322 837 552
582 752 654 829 III.
684 755 731 829 G.
757 754 821 829 27.
851 770 896 836 (r.
914 769 964 822 ιιι.
982 771 1007 822 a.
1025 771 1123 852 aaa,

136 896 246 958 chari.
269 913 302 956 a.
325 893 498 957 1433-34
512 891 559 976 ff.
582 895 658 970 393,
680 893 759 956 215
768 893 858 958 ><15
878 912 941 957 cm.
965 896 983 956 I
1007 913 1052 957 m.

244 1013 332 1094 Mag.
354 1014 527 1077 Bucconis
549 1014 592 1078 de
608 1013 734 1095 Gdyna
748 1015 1029 1081 Commentarius
1044 1014 1263 1095 (Reportata)
1279 1015 1316 1077 in
1331 1015 1536 1079 Aristotelis

136 1101 325 1182 Anaiytiea
346 1101 474 1179 priora

244 1205 265 1267 1.
294 1209 326 1268 1²
352 1204 487 1267 »Utrum
511 1211 630 1268 noticia
652 1211 830 1286 prioristica
853 1223 914 1268 seu
929 1209 1049 1270 noticia
1063 1207 1131 1268 libri
1148 1211 1290 1285 priorum
1304 1211 1346 1269 sit
1361 1210 1534 1270 sciencia«
1566 1219 1570 1231 ’

222 1325 227 1334 ·
245 1311 265 1372 1.
289 1307 370 1370 3171
396 1309 457 1370 »Et
479 1314 526 1371 sic
549 1315 601 1371 est
622 1309 698 1372 finis
714 1314 805 1390 primi
822 1312 890 1371 libn'
904 1314 1045 1390 priorum
1066 1359 1072 1371 .
1093 1357 1100 1371 .
1120 1357 1128 1373 .
1147 1309 1283 1372 Finitum
1301 1315 1352 1372 est
1367 1311 1430 1372 hoc
1447 1326 1532 1389 opus

138 1404 213 1476 post
235 1413 320 1475 mag.
345 1395 538 1457 Buzkonem
572 1415 600 1458 a.
626 1396 657 1459 d.
689 1397 772 1460 1433
794 1396 824 1457 V
846 1397 902 1458 ier.
926 1402 1000 1458 ante
1031 1395 1144 1458 Galli«
1176 1397 1228 1459 Ad
1251 1399 1392 1459 calcem:
1421 1398 1477 1458 »A.
1503 1397 1533 1457 d.

142 1485 223 1546 1434
246 1501 331 1561 mag.
356 1482 473 1543 Buzko
507 1487 626 1562 incepit
649 1485 832 1546 secundum
855 1485 970 1545 librum
994 1488 1136 1563 priorum
1152 1482 1195 1545 lV
1209 1484 1265 1545 ier.
1279 1490 1355 1563 post
1368 1488 1534 1546 conversi-

137 1589 235 1633 onem
260 1587 286 1632 s.
311 1569 400 1630 Pauli
424 1574 456 1630 in
480 1571 616 1647 collegio
640 1569 777 1633 Karoli.«

245 1674 267 1737 1.
290 1669 371 1735 3811
409 1674 466 1734 »A.
491 1673 521 1736 d.
549 1671 713 1736 1434...
742 1677 878 1749 (lacuna)
911 1679 1150 1753 comportatum
1184 1680 1235 1735 est
1269 1675 1332 1736 hoc
1364 1691 1448 1753 opus
1483 1691 1540 1752 per

136 1778 258 1824 manus
279 1759 402 1823 Jacobl
423 1758 466 1822 de
489 1759 587 1822 Straz
610 1767 686 1840 post
708 1777 792 1841 mag.
817 1761 988 1840 (lacuna).
1008 1807 1015 1821 .
1039 1778 1137 1823 onem
1161 1761 1201 1822 de
1230 1759 1351 1840 Gdyna
1366 1767 1398 1822 et
1413 1760 1539 1822 finitum

136 1848 191 1909 fer.
218 1847 260 1908 Vl
284 1851 359 1908 ante
382 1846 503 1908 festum
527 1851 675 1909 trinitatis
698 1852 730 1909 in
754 1849 890 1927 collegio
914 1848 1021 1910 Karoli
1043 1851 1077 1909 in
1100 1865 1220 1927 magna
1235 1848 1445 1910 tribulacione
1462 1853 1538 1909 tunc

135 1941 297 2008 currente,
320 1937 397 2013 quia
418 1931 568 1995 Tabores
593 1939 625 1995 et
648 1933 841 1996 Sirotkones
864 1940 942 1996 tunc
965 1937 1087 1995 circum
1111 1935 1248 2013 Pragam
1272 1933 1490 1997 devastabant
1504 1940 1537 1994 et

137 2021 386 2090 comburebant,
421 2025 453 2082 et
483 2019 648 2082 dominico
677 2025 711 2082 in
743 2026 860 2082 octava
888 2024 1034 2100 corporis
1065 2018 1183 2084 Christi
1216 2024 1365 2100 prostrati
1398 2025 1475 2082 sunt
1498 2021 1541 2080 ad

136 2109 307 2170 ultimum«
333 2105 400 2180 (30.
425 2109 500 2168 maii
535 2124 646 2186 pugna
675 2107 874 2187 Lipanensi).
905 2111 1022 2170 Rubrio.
1046 2113 1157 2169 serius:
1193 2106 1428 2188 »Supradictus
1452 2123 1537 2185 mag.

137 2195 255 2256 Buzko
287 2194 328 2254 de
361 2192 483 2272 Gdyna
512 2195 592 2255 obiit
621 2211 649 2255 a.
682 2195 712 2255 d.
749 2195 826 2258 1441
860 2193 903 2255 Vl
926 2194 982 2255 ier.
1006 2198 1038 2254 in
1061 2194 1113 2256 die
1135 2193 1287 2266 Tiburcii‚
1312 2198 1407 2255 cuius
1431 2197 1540 2255 anima

136 2286 324 2360 requiescat
346 2284 379 2341 in
402 2297 513 2358 pace«

245 2383 268 2445 1.
290 2381 493 2447 382⁸-393b
518 2383 701 2463 Registrum
725 2389 967 2466 quaestionum.

246 2492 340 2547 Vetus
363 2494 446 2562 sign.
471 2491 607 2548 librariae
637 2491 839 2564 (Carollnael)
862 2491 893 2564 F,
918 2491 968 2548 65.
1003 2491 1083 2548 Idem
1106 2507 1181 2564 opus
1205 2507 1234 2547 v.
1257 2493 1288 2546 in
1311 2493 1412 2547 codice
1435 2488 1486 2550 lv.
1509 2489 1542 2547 F.

141 2582 187 2637 19.
212 2579 367 2651 Operculls
381 2579 509 2648 adligata
532 2585 603 2634 sunt
614 2579 775 2651 fragmenta
798 2579 917 2638 membr.
940 2580 1053 2636 codicis
1066 2579 1220 2635 cuiusdam
1244 2593 1322 2633 saec.
1346 2575 1414 2632 XIV
1430 2592 1541 2648 argum.
1555 2605 1584 2660 ζ..

134 2666 350 2736 philos-theol.
1526 2675 1528 2683 ’

242 2833 325 2915 553
586 2834 659 2910 Ill.
691 2833 735 2910 G.
762 2833 824 2909 28.
852 2849 898 2918 (ι.
917 2850 939 2902 ι.
958 2853 981 2902 ι.
1000 2865 1027 2903 a.
1047 2851 1082 2915 r.)

134 2975 248 3037 chaat.
271 2991 357 3036 saec.
381 2972 450 3036 XV
457 2974 506 3058 ff.
529 2975 596 3038 228
617 2989 710 3040 num.
735 2977 835 3049 (recle
856 2973 944 3054 230),
967 2973 1142 3038 21·5><16
1162 2992 1225 3036 cm.
1250 2974 1280 3036 d.
1305 2991 1349 3036 m.

246 3095 269 3157 1.
299 3095 416 3158 1-53·
439 3094 598 3174 (Hearici
619 3094 661 3157 de
683 3095 824 3176 Hassia)
854 3095 1034 3159 Tractatus
1057 3095 1101 3158 de
1123 3095 1369 3159 contractibus.
1404 3096 1456 3157 »ln
1488 3110 1542 3154 su-

137 3184 216 3246 dore
241 3183 352 3244 vultus
375 3186 440 3244 tui«
468 3181 507 3260 ><
535 3199 595 3244 »ne
619 3199 661 3244 ex
684 3182 792 3243 subita
816 3185 1001 3244 mutacione
1023 3183 1134 3244 talium
1157 3186 1267 3260 peiora
1289 3181 1421 3244 fierent«
1440 3179 1542 3255 (Finis

134 3271 294 3331 abscisus
316 3275 377 3330 est.
400 3267 591 3331 Tractatum
615 3269 704 3330 hunc
727 3270 893 3347 praecedit
916 3273 1087 3348 registrum
1109 3273 1142 3331 in
1165 3269 1184 3329 2
1208 3267 1240 3330 11.
1257 3285 1324 3332 non
1339 3271 1542 3340 numeratis).

247 3370 269 3431 1.
292 3367 455 3432 oab-54⁸
479 3371 607 3433 Dictum
638 3371 806 3450 quoddam
830 3371 989 3434 Johannis
1021 3369 1181 3435 Calderini
1205 3372 1247 3434 ad
1280 3373 1420 3434 eandem
1443 3378 1542 3432 mate-

136 3462 217 3519 riam
243 3463 401 3535 spectans
423 3457 515 3534 (dim.
539 3457 560 3518 1.
584 3457 627 3518 53
652 3460 823 3533 mutilum).

247 3561 270 3622 1.
294 3561 482 3624 552-132·
504 3565 664 3638 (anepigr.)
688 3561 732 3625 M.
744 3561 866 3625 Jacobi
881 3561 924 3625 de
936 3561 1027 3626 illisa
1039 3561 1222 3626 Tractatus
1237 3564 1281 3627 de
1296 3563 1542 3628 communione

134 3649 313 3712 adversus
336 3648 515 3711 doctorem
537 3649 715 3711 Andream
737 3650 780 3711 de
802 3649 923 3712 Broda.
950 3649 1141 3712 »Premissis
1164 3655 1332 3730 posicione
1349 3651 1540 3712 scolastica«

135 3738 381 3901 ffl’jitoizqef
405 3737 477 3796 laus
509 3741 542 3796 et
564 3736 667 3814 gloria
699 3736 761 3797 deo
792 3740 825 3798 in
849 3753 875 3799 s,
900 3754 927 3798 s.
951 3737 988 3798 A.
1014 3735 1042 3798 O
1066 3737 1144 3818 mily
1167 3738 1280 3800 boza«
1309 3736 1416 3811 (Edid.
1441 3735 1545 3797 Hardt

248 3925 271 3986 1.
300 3921 502 3987 1321-1391
518 3929 678 4002 (anepigr.)
692 3925 929 3990 auctoritates
944 3927 987 3988 de
998 3925 1076 4003 fide,
1088 3927 1296 3991 remissione
1308 3931 1543 4007 peecatorum,

135 4011 179 4074 de
202 4012 582 4089 excommunicatione,
620 4014 662 4075 de
692 4013 855 4076 simonia
885 4013 960 4088 (Est
987 4012 1032 4078 Μ.
1061 4013 1234 4077 Jolrannis
1263 4013 1340 4076 Hus
1362 4012 1543 4078 'tractatur

134 4099 178 4162 de
202 4115 273 4162 sex
295 4097 484 4176 erroribus,
508 4104 559 4161 cui
583 4105 709 4162 tantum
733 4100 827 4162 deest
854 4101 1032 4179 prologus).

248 4201 271 4263 1.
300 4200 501 4264 1404-163δ
524 4203 705 4266 Tractatus
739 4204 798 4266 »de
821 4203 933 4266 tribus
962 4203 1151 4267 vlrtutibus
1180 4203 1418 4284 theologicis«
1459 4205 1544 4266 »Pax

134 4289 293 4352 iratribus
316 4295 348 4350 et
370 4294 488 4351 caritas
511 4306 586 4352 eum
611 4289 693 4352 ilde·
711 4289 750 4368 ><
765 4289 931 4352 »favorem
955 4295 1054 4371 patrie
1077 4293 1128 4352 vel
1150 4291 1324 4370 lingwam‹
1350 4291 1441 4366 (linis
1458 4291 1543 4353 desi-

135 4379 283 4450 deratur,
315 4393 392 4438 nam
427 4393 511 4456 quae
543 4383 725 4456 sequuntur
754 4381 785 4439 in
817 4377 838 4438 1.
868 4377 927 4438 164
949 4384 981 4439 et
1006 4377 1093 4450 165¹,
1124 4377 1240 4440 eadem
1269 4383 1349 4440 sunt
1379 4385 1476 4458 atque
1511 4383 1542 4439 in

141 4462 232 4536 152.)
258 4462 292 4524 ln
316 4467 426 4523 vetere
449 4464 599 4542 catalogo
623 4469 736 4525 nostro
759 4481 844 4542 opus
869 4465 931 4526 hoc
955 4465 1134 4525 attribuitur
1155 4463 1299 4528 Nicolao
1322 4465 1364 4526 de
1388 4459 1551 4528 Drr'aidan·

133 4555 168 4612 et
191 4549 326 4610 additur
358 4553 528 4611 tractatum
560 4551 649 4611 hunc
681 4551 904 4631 praedicatum
934 4567 1011 4612 esse
1045 4551 1088 4610 ad
1110 4551 1232 4613 clerum
1256 4555 1288 4612 in
1312 4549 1412 4613 Laeta
1434 4549 1542 4614 Curia.

137 4635 250 4716 (Quae
283 4642 466 4714 sequuntur
494 4654 515 4696 a
537 4636 558 4697 1.
587 4632 673 4710 1421,
704 4654 770 4700 non
802 4641 1001 4699 conveniunt
1030 4639 1120 4699 titulo
1151 4641 1316 4717 inscripto,
1349 4639 1408 4698 sed
1432 4638 1475 4698 ad
1498 4638 1544 4698 di-

135 4739 275 4784 versum
299 4727 471 4783 tractatum
495 4729 645 4801 spectare
667 4723 829 4796 videntur,
864 4729 900 4785 ut
921 4728 1018 4785 etiam
1041 4723 1138 4786 docet
1159 4739 1268 4788 novus
1291 4727 1403 4786 titulus
1427 4729 1543 4803 margi-

137 4811 224 4878 nalis
254 4807 315 4870 »de
339 4807 618 4884 oblationarium.)

250 4911 271 4974 1.
308 4909 509 4975 1652—1791’
539 4917 698 4989 (anepigr.)
732 4913 854 4977 Sermo
883 4914 927 4975 ad
960 4911 1091 4978 clerum
1120 4912 1163 4976 de
1196 4913 1443 4978 communione
1477 4915 1544 4977 sub

134 5005 290 5078 utraque
314 4998 442 5076 speeie.
468 4997 555 5061 »Nisi
580 5000 875 5062 manducaveritis«
890 5002 923 5060 ><
937 5010 987 5060 »et
1009 5001 1134 5080 angelis
1158 5001 1208 5062 dei
1232 5005 1375 5063 invitam
1388 5007 1545 5063 eternam.

829 5223 879 5276 227
1386 5209 1425 5268 lt*
