3812 5968
803 583 866 644 967

139 792 251 852 scolas
280 797 515 869 assumpturus
539 791 656 852 eodem
679 808 767 854 anno
798 791 922 870 prelato
957 798 1032 871 post
1063 792 1245 870 predictum
1280 792 1400 855 festum
1435 795 1545 855 scolas

137 881 171 937 in
194 877 351 938 Hradecz
373 876 526 955 Regino«
553 877 701 952 (Massae
724 883 868 957 computi
891 883 922 938 in
947 877 967 939 1.
992 875 1156 940 921-93ι
1179 885 1349 942 recentiori
1374 898 1474 942 manu
1496 885 1544 942 in·

138 970 247 1025 sertae
275 969 353 1026 sunt
374 971 473 1025 notae
498 967 748 1043 computisticae
771 965 813 1025 acl
836 983 866 1026 a.
895 964 976 1026 1439
1000 964 1211 1044 spectantes).

244 1068 265 1128 i.
293 1062 492 1129 127b-l28l
520 1068 721 1146 »Registrum
746 1085 845 1147 super
867 1071 989 1130 lectura
1023 1070 1238 1148 philosophici
1261 1070 1296 1144 (f.
1325 1067 1540 1145 1411-2821)

135 1171 167 1215 a.
197 1154 278 1216 1453
301 1154 357 1215 ier.
382 1154 407 1215 11
431 1161 507 1233 post
530 1153 661 1224 Mathei,
693 1155 834 1234 quodie
868 1157 956 1217 dom.
996 1155 1159 1235 Georgius
1196 1158 1236 1218 de
1271 1156 1427 1220 Cunstat
1446 1161 1544 1218 exivit

135 1257 215 1302 cum
240 1242 416 1302 baronibus
439 1245 530 1320 regni
555 1241 687 1302 Boemie
712 1258 769 1320 pro
793 1259 867 1320 rege
891 1247 1010 1304 iuvene
1034 1241 1186 1304 Ladislao
1217 1249 1249 1304 in
1274 1244 1438 1322 lglaviam.
1486 1243 1546 1305 Per

136 1327 228 1405 Mag.
252 1328 394 1389 Petrum
417 1327 549 1390 dictum
572 1327 713 1407 B(ibat).

245 1430 265 1491 1.
293 1430 496 1493 129“-14()1
519 1431 678 1507 (anepigr.)
701 1430 895 1510 computus
918 1431 1134 1494 orbicularis,
1182 1431 1287 1495 »Cum
1322 1450 1541 1512 supernorum

133 1525 268 1579 motus«
296 1520 328 1575 ><
354 1519 474 1579 »modo
499 1519 587 1579 brevi
611 1524 644 1579 et
665 1519 749 1580 facili
772 1521 879 1580 valeat
901 1519 1073 1580 enodare«
1154 1541 1156 1548 ’

244 1621 263 1682 i.
293 1616 490 1684 1411-282δ
514 1626 658 1697 (anepigr.
682 1625 827 1697 particula
849 1625 899 1682 iol.
924 1627 1041 1697 evulsa)
1071 1621 1221 1684 Lectura
1243 1639 1350 1700 super
1372 1629 1540 1702 computo

134 1707 381 1786 philosophico
384 1735 518 1770 .....
538 1714 605 1788 poti
628 1709 845 1788 philosophici
868 1712 1055 1788 generalem
1080 1727 1264 1771 summam«
1290 1710 1323 1767 ><
1349 1709 1409 1771 »Ε1
1430 1715 1462 1772 in
1479 1713 1542 1772 hoc

136 1799 328 1855 terminatur
351 1800 624 1856 commentarium
649 1797 716 1856 libri
740 1796 876 1857 secundi
900 1796 1136 1875 philosophici«
1158 1844 1164 1856 .
1185 1843 1192 1858 .
1213 1845 1220 1858 .
1238 1793 1444 1874 (Sequuntur
1473 1814 1543 1858 ver-

135 1899 199 1942 sus
224 1881 427 1943 declarantes
451 1884 567 1942 librum
593 1887 761 1943 exaratum
785 1899 861 1944 esse
875 1901 904 1942 a.
920 1881 1013 1958 1429,
1037 1889 1069 1943 et
1089 1883 1264 1944 initialibus
1281 1899 1413 1944 nomem
1431 1890 1542 1946 aucto-

136 1973 182 2028 ris
210 1966 420 2030 »Martinus«
446 1970 487 2031 de
512 1967 709 2047 Lanciciai)

244 2072 264 2133 i.
290 2069 494 2133 2832-305b
519 2071 706 2151 (Johannis
730 2075 770 2134 de
793 2072 1024 2151 Sacrobosco)
1048 2071 1243 2150 Computus
1265 2072 1542 2151 philosophicus.

139 2158 346 2238 »Compotus
370 2164 421 2219 est
444 2163 606 2220 sciencia«
633 2161 666 2218 ><
693 2165 888 2238 »potuerunt
910 2164 1070 2238 assignari
1106 2161 1290 2220 diceiones«
1328 2160 1449 2238 (cetera
1484 2161 1543 2221 de-

136 2251 219 2307 sunt
241 2247 354 2306 codice
378 2245 549 2324 mutilato).

244 2353 278 2408 In
300 2353 470 2408 membrana
494 2353 591 2409 codici
616 2353 777 2424 praeligata
800 2353 855 2408 hae
879 2360 965 2410 notae
989 2361 1165 2409 occurrunt:
1215 2351 1319 2409 »Liber
1341 2361 1543 2424 compotorum

135 2439 220 2510 Mag.
245 2439 388 2496 Johannis
412 2441 447 2494 de
472 2439 680 2496 Sacrobusc0‹
705 2470 749 2479 -
783 2439 886 2495 »Liber
909 2446 1112 2511 compotorum
1146 2437 1223 2510 Mag.
1248 2439 1321 2496 Petri
1344 2442 1414 2496 dicti
1436 2440 1540 2496 sibu«

134 2528 189 2596 (de
212 2520 474 2599 Dwelraczowlcz).
499 2525 533 2581 in
557 2526 697 2596 operculo
721 2541 816 2598 super.
853 2529 1040 2595 intrinsecus,
1074 2533 1106 2582 ut
1140 2527 1262 2596 videtur,
1300 2543 1389 2582 manu
1412 2529 1543 2585 eiusdem

136 2613 273 2683 magistri
297 2611 383 2668 Bibat
407 2619 527 2668 exarata
550 2619 595 2667 est
618 2612 719 2667 tabula
741 2619 945 2668 contentorum
970 2630 987 2668 a
1010 2615 1135 2668 barbaro
1150 2615 1277 2684 quodam
1295 2613 1389 2669 cultro
1404 2615 1541 2683 lacerata,

133 2715 226 2771 quam
251 2707 357 2763 tamen,
396 2701 493 2769 quoad
527 2699 687 2772 potuimus,
712 2715 815 2754 sumus
845 2701 947 2758 secuti.
983 2700 1067 2756 Hanc
1090 2700 1220 2754 tabulam
1243 2707 1406 2771 sequuntur
1439 2716 1543 2756 versus

129 2789 240 2841 eadem
275 2801 362 2841 manu
387 2787 496 2842 additi:

434 2887 575 2958 »Sceptra
598 2887 779 2958 Sigismundi
803 2891 912 2945 vindex
936 2890 1096 2960 concepcio
1120 2889 1246 2956 strinxit,

432 2974 471 3030 'lc
495 2990 579 3030 sacer
601 2975 657 3030 heu
681 2973 817 3032 Clemens
841 2981 939 3047 optate
966 2975 1105 3031 Ladislae
1128 2978 1233 3032 cedit«

242 3080 316 3134 Ante
340 3079 395 3134 hos
418 3093 521 3133 versus
546 3085 664 3134 notatus
688 3084 781 3134 esta.
810 3079 900 3150 1437,
924 3087 992 3150 post
1015 3083 1134 3136 eosdem
1158 3097 1184 3138 a.
1214 3078 1304 3139 1458.

242 3244 320 3326 967
631 3245 673 3320 V.
707 3245 749 3320 G.
780 3247 839 3321 15.
867 3263 1122 3328 (1111169.)

128 3387 248 3449 chart.
270 3403 357 3448 saec.
380 3384 449 3446 XV
470 3387 512 3468 ff.
536 3389 597 3450 171
623 3405 727 3461 num„
750 3387 998 3452 2r·5><16cm.
1026 3389 1059 3449 d.
1082 3407 1128 3450 m.

244 3507 264 3569 i.
292 3509 428 3569 lli-lla
452 3509 600 3571 Articuli
622 3525 684 3588 per
707 3509 894 3586 magistros
918 3509 984 3588 (et)
1015 3511 1216 3571 sacerdotes
1249 3508 1433 3585 utriusque
1455 3506 1540 3568 civi-

131 3594 223 3656 tatis
246 3594 432 3673 Pragensis
456 3595 502 3674 (a.
529 3595 627 3674 1432)
651 3594 809 3657 conclusi
832 3600 878 3672 (et
900 3598 1037 3656 concilio
1060 3595 1230 3656 Basiliensi
1255 3596 1419 3666 destinati)
1460 3610 1541 3655 cum

133 3681 361 3758 expositione
384 3683 582 3744 eorundem.
625 3683 677 3743 »ln
700 3681 776 3744 Chr.
800 3687 931 3744 nomine
955 3683 1072 3743 Amen.
1118 3681 1163 3744 Ut
1185 3684 1391 3743 articulorum
1415 3680 1539 3758 pridem

133 3785 197 3846 per
219 3773 412 3847 magistros«
440 3773 473 3824 ><
500 3776 550 3830 »et
573 3771 670 3830 simul
694 3769 858 3830 decretum
884 3774 1043 3830 teneant<
1073 3767 1135 3843 (Cf.
1160 3766 1307 3847 Nejedly‚
1332 3767 1493 3845 Prameny
1508 3783 1539 3845 p.

132 3856 159 3914 5
183 3857 208 3912 ἃ
230 3853 376 3916 Monum.
401 3860 515 3916 concil.
539 3857 560 3926 1,
589 3856 674 3930 182.)

243 3957 263 4018 i.
293 3952 641 4022 ill-16·Johannis
665 3960 708 4021 de
729 3958 940 4038 Rokyczana
962 3959 1084 4021 Sermo
1108 3961 1152 4022 ad
1175 3961 1305 4022 clerum
1329 3960 1371 4019 de
1387 3957 1538 4019 diversis

131 4043 302 4122 gradibus
325 4045 482 4107 caritatis
505 4046 620 4109 iactus
643 4063 674 4108 a.
699 4045 790 4108 1429.
816 4048 849 4104 ><
878 4047 930 4107 »Α.
956 4047 987 4106 d.
1016 4046 1097 4108 1429
1121 4047 1226 4108 iactus
1249 4051 1300 4106 est
1334 4050 1395 4105 istc
1430 4061 1539 4105 sermo

132 4131 180 4191 ad
206 4133 326 4192 clerum
350 4149 408 4210 per
429 4132 456 4193 J.
481 4133 521 4193 de
546 4133 581 4194 R.
605 4135 726 4194 baccal.
750 4137 782 4194 in
805 4133 929 4194 artibus
953 4140 1090 4212 protunc
1113 4137 1233 4194 vicario
1257 4131 1333 4208 (sic)
1357 4136 1388 4192 in
1412 4135 1539 4209 spiritu·

132 4218 244 4278 atibus
266 4217 308 4280 IV
331 4218 387 4279 ier.
412 4227 488 4297 post
511 4219 598 4280 Luce
622 4225 654 4282 in
678 4220 794 4280 eccles.
819 4237 845 4280 s
870 4218 950 4280 hlar.
974 4227 1048 4280 ante
1073 4219 1184 4280 Letam
1209 4217 1373 4281 Curiam«

244 4321 263 4382 f.
292 4317 445 4383 161-21·
466 4322 510 4384 Μ.
527 4323 621 4385 Petri
637 4322 784 4403 (Payne)
801 4323 935 4402 Anglici
950 4322 1130 4385 'tractatus
1152 4325 1195 4385 de
1210 4320 1536 4399 praedestinatione.

139 4409 349 4488 »Requisitus
372 4413 546 4471 instanter«
575 4412 607 4466 ><
634 4416 685 4470 »et
707 4413 754 4470 sic
778 4415 866 4488 patet
890 4412 1015 4471 solucio
1040 4415 1164 4472 utinam
1188 4410 1250 4470 deo
1274 4410 1438 4487 placens.‹

244 4513 264 4574 l.
289 4508 450 4573 220-221‘
474 4516 636 4588 (anepigr.)
661 4513 805 4575 »Passio
828 4513 1001 4576 Johannis
1017 4512 1094 4575 Hus
1110 4513 1227 4576 verbis
1244 4511 1433 4574 succinctis
1450 4528 1538 4573 sum·

134 4603 261 4672 metim,
287 4605 446 4680 quantum
481 4605 638 4660 memorie
662 4604 806 4678 suppetit
817 4603 994 4679 capacitas
1008 4601 1160 4662 fidelibus
1176 4599 1365 4662 declarata«
1385 4600 1418 4657 ><
1437 4599 1539 4660 »bene

133 4688 225 4748 facta
245 4687 523 4835 ῗυὲἑθὲΑ-Πὲὲῗῑή.
547 4773 723 4835 Johannis
745 4772 823 4834 Hus
845 4773 1033 4835 Tractatuli
1056 4773 1111 4853 (de
1128 4777 1342 4847 matrimonio,
1367 4773 1407 4832 de
1431 4788 1538 4832 sacra-

134 4867 250 4922 mento
274 4865 418 4938 corporis
443 4865 475 4920 et
498 4865 671 4938 sanguinis
694 4857 779 4926 Chr..
804 4861 845 4921 de
869 4861 1042 4934 mandatis,
1059 4861 1100 4920 de
1116 4863 1271 4933 oratione,
1295 4859 1336 4920 de
1353 4863 1538 4937 cognitione

133 4947 200 5021 del,
225 4948 265 5008 de
289 4948 392 5009 tribus
415 4948 567 5008 hostibus
593 4949 745 5022 hominis,
770 4948 809 5007 de
834 4951 1045 5026 poenitentia)
1069 4944 1191 5024 scripti
1213 4946 1250 5007 in
1271 4962 1420 5008 carcere.
1441 4944 1538 5025 (Edit.

135 5031 283 5095 Norimb.
309 5034 329 5095 i.
354 5031 540 5112 29b—422.)

182 5240 338 5300 muntii:
358 5259 410 5303 car.
427 5257 478 5300 coa.
494 5257 535 5300 ut.
818 5257 867 5308 401
1409 5253 1437 5298 aa
