3820 5960
1058 563 1122 624 674

502 771 583 845 Opus
614 774 702 830 huius
733 776 845 830 codicis
875 773 998 846 primum
1029 773 1177 845 praecedit
1207 774 1317 844 lolium,
1348 789 1407 846 quo
1431 774 1624 844 fragmentum
1647 777 1792 830 sermonis

394 862 548 916 cuiusdam
573 863 635 916 sine
659 861 742 916 initio
765 867 794 916 et
816 861 873 916 tine
897 863 1071 916 continetur.
1100 859 1239 918 Codicem
1262 861 1386 916 breviter
1407 876 1520 918 recens.
1544 859 1699 932 Balbinus,
1724 860 1795 918 Boh.

395 951 484 1003 docta
507 947 599 1016 (edid.
623 947 736 1018 Unger)
758 945 807 1016 Ill,
833 947 882 1004 98.
907 946 938 1003 Si
962 961 1125 1018 perpaucae
1150 955 1247 1016 notae,
1264 949 1372 1018 quibus
1389 955 1545 1020 sequentes
1562 963 1714 1004 sermones
1731 957 1797 1004 sunt

392 1034 540 1102 illustrati,
574 1040 606 1089 ut
636 1040 720 1105 putat
748 1032 902 1102 Balbinus,
933 1039 1003 1089 sunt
1033 1033 1148 1104 Georgii
1188 1033 1261 1104 Feri,
1299 1033 1431 1089 eiusdem
1470 1050 1575 1090 manus
1606 1042 1650 1091 est
1674 1043 1746 1090 nota
1768 1037 1796 1091 in

395 1121 487 1176 ironte
511 1121 528 1175 i.
557 1121 587 1175 1·
610 1135 768 1176 occurrens
794 1119 888 1192 »Lege
911 1128 939 1177 et
961 1121 1086 1192 reperies
1109 1123 1262 1192 antiquum
1286 1121 1533 1179 bohemismum«.
1557 1121 1650 1177 Vetus
1667 1126 1745 1192 sign.
1763 1120 1795 1190 C,

396 1207 445 1264 21.
470 1205 512 1262 De
535 1207 637 1263 codice
660 1207 733 1263 diss.
757 1207 787 1262 in
811 1203 937 1263 Vdstnilr
959 1189 993 1263 C.
1016 1208 1052 1263 A.
1080 1207 1160 1264 1898
1184 1225 1212 1280 p.
1239 1207 1310 1264 590.

499 1390 583 1472 674
842 1392 868 1467 Ι
878 1390 914 1466 V.
942 1391 991 1470 D.
1018 1391 1081 1468 20.
1109 1407 1155 1474 (x.
1180 1408 1201 1460 1.
1224 1409 1250 1460 a.
1270 1423 1296 1461 n.
1314 1409 1369 1472 aa.)

394 1515 504 1576 chart.
527 1532 561 1576 a.
577 1515 663 1578 1364
673 1514 720 1597 ff.
744 1514 818 1591 124,
841 1515 987 1578 30)(20
1008 1533 1072 1578 cm.
1096 1515 1127 1577 d.
1150 1533 1196 1576 m.

881 1654 1069 1720 Sermones
1092 1654 1134 1717 de
1157 1653 1301 1716 sanctis.

504 1775 525 1838 i.
553 1772 586 1838 lb
609 1781 659 1850 (de
683 1795 802 1851 corpore
826 1777 948 1855 Christi)
974 1775 1254 1838 »Tabernaculum
1279 1779 1336 1837 erit
1358 1780 1390 1838 in
1414 1777 1641 1838 umbraculum
1666 1777 1730 1837 diei
1756 1779 1795 1837 ab

397 1869 489 1922 estu«
510 1909 518 1924 .
539 1909 546 1924 .
570 1863 603 1920 ><
626 1863 646 1924 i.
671 1860 729 1924 orb
752 1862 835 1940 (post
867 1882 953 1924 serm.
986 1869 1021 1922 de
1053 1881 1077 1923 s.
1110 1866 1281 1936 catherina)
1314 1861 1471 1942 »Explicit
1502 1865 1580 1924 liber
1601 1881 1632 1924 a.
1657 1863 1690 1925 d.
1718 1861 1797 1925 1364

396 1953 428 2010 in
452 1951 646 2011 invencione
680 1967 706 2011 s.
740 1947 898 2028 Stephani
934 1951 1222 2028 prothomartiris«
1259 1948 1386 2011 Deinde
1410 1966 1581 2011 sermones
1605 1949 1647 2011 de
1672 1954 1795 2012 sanctis

397 2040 628 2097 continuantur
650 2053 755 2115 usque
779 2039 813 2095 Χ
836 2036 856 2098 1.
884 2031 958 2097 123·
984 2035 1091 2098 »Laus
1114 2036 1244 2100 Christo
1268 2038 1371 2110 detur,
1395 2036 1485 2117 quod
1502 2036 1609 2097 codex
1625 2040 1689 2098 iste
1705 2053 1795 2098 com-

397 2124 500 2200 pletur
522 2140 550 2184 a.
576 2124 607 2185 d.
634 2121 718 2185 1364
739 2127 889 2202 proxima
911 2123 959 2185 ier
981 2123 1005 2184 Il
1029 2129 1105 2202 post
1128 2124 1248 2186 festum
1272 2121 1476 2202 Margarethc
1499 2127 1653 2202 virginis«
1675 2171 1683 2185 .
1704 2171 1711 2184 .
1733 2173 1739 2184 .

505 2207 525 2270 1.
553 2206 753 2271 raab-124·
774 2213 868 2285 (quod
892 2219 937 2270 est
960 2219 1051 2270 asseri
1075 2213 1306 2286 adglutinatum)
1329 2209 1444 2274 Sermo
1468 2209 1509 2270 de
1533 2225 1559 2272 s,
1585 2210 1754 2289 Procopio.

501 2313 576 2370 Cum
606 2316 706 2372 inserti
737 2318 795 2373 sint
827 2330 977 2373 sermones
1008 2318 1043 2372 de
1067 2315 1198 2388 patronis
1220 2315 1388 2385 Bohemiae,
1423 2317 1545 2373 dubium
1567 2332 1628 2372 non
1652 2325 1708 2384 est,
1731 2317 1797 2388 quin

398 2403 492 2457 codex
522 2403 600 2473 apud
631 2417 685 2458 nos
716 2410 853 2459 exaratus
883 2407 930 2460 sit.
960 2402 993 2459 In
1024 2403 1042 2461 1.
1078 2405 1108 2459 1·
1136 2404 1209 2459 haec
1240 2411 1311 2461 nota
1334 2419 1439 2460 manus
1463 2419 1540 2459 saec.
1564 2401 1633 2458 xiv
1657 2406 1796 2460 occurrit:

400 2487 504 2544 »Liber
526 2489 604 2545 dom.
628 2489 739 2546 Alberti
762 2497 895 2547 sextus«.
920 2489 1012 2546 Vetus
1036 2491 1113 2562 sign.
1136 2489 1158 2562 l,
1184 2491 1223 2546 62
1248 2490 1330 2559 (rect.
1355 2489 1390 2558 0,
1416 2487 1479 2564 86).

502 2672 581 2754 675
842 2677 868 2752 I
870 2677 912 2752 V.
940 2675 988 2751 D.
1016 2675 1064 2750 21
1070 2737 1077 2752 .
1106 2691 1150 2758 (x.
1169 2691 1191 2744 1.
1208 2693 1236 2744 3.
1254 2708 1281 2744 n.
1299 2693 1354 2756 97.)

399 2795 507 2858 chari.
530 2813 617 2858 saec.
641 2795 698 2858 XI
702 2795 837 2859 Va-XV
845 2797 891 2879 ff
913 2798 980 2861 105
999 2815 1104 2871 natm„
1126 2797 1305 2861 30)(215
1325 2815 1389 2860 cm.
1405 2800 1430 2860 *1
1454 2815 1499 2859 m.

656 2935 831 3000 Johannis
853 2935 976 2999 wiclii
994 2936 1189 3015 Decalogus
1213 2936 1393 3015 (Summae
1415 2935 1472 2996 lib.
1496 2935 1546 3015 1.).

507 3057 527 3118 i.
556 3057 567 3117 1
595 3056 699 3120 Notae
722 3059 933 3136 theologicae.
961 3057 1046 3119 »Lex
1070 3063 1200 3137 propter
1222 3064 1486 3136 transgressores
1511 3061 1619 3137 posita
1642 3063 1722 3119 est«

507 3161 527 3222 1.
553 3161 589 3223 2⁸
616 3163 799 3224 »Premissa
829 3166 997 3224 sentencia
1031 3162 1071 3223 de
1103 3162 1265 3224 dominio«
1293 3161 1368 3223 ><1.
1398 3158 1474 3225 105b
1512 3162 1621 3240 »quod
1644 3163 1715 3240 lege
1739 3165 1798 3221 ista

401 3255 588 3328 contempta
611 3249 761 3311 ducimur
783 3249 896 3310 aliena.
921 3251 1058 3310 Amen«

510 3353 541 3411 F.
567 3356 622 3411 31·
651 3357 681 3411 in
713 3355 769 3411 fine
794 3358 898 3428 capitis
924 3357 962 3412 11
985 3356 1058 3412 haec
1082 3363 1152 3413 nota
1175 3355 1317 3412 occurrit:
1355 3354 1484 3429 »Scripsi
1509 3357 1546 3411 ad
1569 3366 1594 3411 s.
1619 3353 1797 3428 Stephanum

403 3439 523 3512 Prage«.
549 3441 643 3500 Vetus
665 3443 741 3514 sign.
767 3445 796 3512 9,
819 3449 838 3501 t.

507 3609 586 3693 676
846 3611 917 3689 rV.
945 3614 993 3688 D.
1020 3613 1082 3686 22.
1115 3629 1158 3684 rx.
1178 3628 1198 3678 1.
1218 3629 1348 3686 aare.»

403 3732 510 3794 chart.
534 3752 567 3795 a.
591 3734 680 3797 1105
688 3735 734 3817 ff
756 3735 820 3798 207
844 3752 948 3804 num..
969 3734 1145 3797 29¹5><22
1168 3751 1230 3796 cm.
1255 3737 1273 3796 1
1300 3752 1342 3794 m.

510 3872 532 3933 i.
560 3873 702 3935 1-129b
722 3873 898 3937 lohannis
921 3873 1039 3936 wiclii
1057 3874 1261 3952 Decalogus.
1289 3873 1472 3934 »Promissa
1495 3875 1664 3934 sentencia
1688 3871 1729 3930 de
1747 3873 1800 3930 do-

405 3961 503 4019 minio
526 3963 558 4020 in
582 3967 767 4023 communi«
794 3965 826 4022 ><
854 3962 961 4042 »quod
984 3963 1054 4039 lege
1078 3965 1140 4022 ista
1163 3965 1350 4038 contempta
1381 3959 1511 4020 ducitur
1541 3959 1654 4020 aliena.
1688 3959 1800 4018 Amen.

403 4044 443 4104 Et
466 4049 514 4107 sic
538 4053 589 4107 est
612 4047 687 4109 finis
720 4050 818 4110 huius
843 4049 991 4127 decalogi
1022 4048 1078 4110 ier.
1102 4047 1144 4108 IV
1168 4054 1244 4126 post
1267 4047 1386 4108 festum
1411 4063 1438 4106 s.
1463 4043 1584 4106 Mathie
1607 4051 1715 4123 apost.
1741 4045 1800 4104 sub

403 4151 431 4190 a.
457 4131 487 4194 d.
514 4131 596 4195 1405
619 4151 677 4212 per
699 4151 818 4197 manus
839 4135 979 4197 Andree
1002 4134 1044 4197 de
1067 4133 1200 4213 Gurym
1228 4133 1357 4194 finitus«
1384 4136 1470 4206 (sic).

512 4235 532 4297 i.
561 4235 762 4300 1302—207a
784 4237 951 4301 Eiusdem
972 4236 1155 4301 Tractatus
1178 4240 1220 4299 de
1238 4235 1448 4300 eucharistia
1464 4235 1584 4298 maior.
1612 4233 1803 4296 »Sentencia

404 4327 560 4383 tractatus
584 4324 624 4385 de
648 4329 820 4387 eucaristie
842 4329 873 4386 in
897 4326 1093 4403 compendio
1109 4329 1157 4386 sic
1172 4326 1310 4386 habetur
1328 4371 1334 4384 .
1355 4369 1362 4383 .
1381 4369 1389 4385 .
1408 4322 1428 4384 i.
1457 4321 1533 4384 132·
1557 4320 1637 4400 Cap.
1662 4323 1684 4386 Ι.
1704 4319 1803 4382 Trac-

404 4409 504 4470 tando
538 4410 578 4470 de
602 4416 790 4474 eucaristie«
818 4413 850 4470 ><
873 4419 905 4474 et
926 4415 958 4472 in
983 4411 1112 4474 Christo
1135 4409 1224 4472 Yesu
1251 4411 1387 4472 finaliter
1402 4410 1588 4471 observare.
1604 4409 1722 4468 Amen.
1740 4407 1803 4468 Ex-

404 4497 676 4664 pliclitXltppgtatus
708 4499 748 4560 de
779 4503 981 4562 eucaristia«
1007 4497 1070 4573 (ci.
1095 4496 1232 4559 Loserth
1255 4501 1287 4558 in
1311 4495 1410 4576 praei.
1445 4496 1519 4557 edit.
1544 4494 1695 4556 London.
1724 4491 1800 4555 1892

405 4599 435 4660 p.
562 4632 570 4645 .

514 4709 665 4780 Operculis
697 4710 858 4782 adligatum
888 4718 933 4766 est
956 4712 1089 4765 instrum.
1114 4710 1233 4766 membr.
1257 4709 1337 4781 publ.
1362 4705 1467 4763 notarii
1499 4705 1581 4761 Pauli
1604 4707 1676 4761 dicti
1699 4703 1802 4760 Gosscl

406 4797 441 4848 de
464 4794 637 4865 Haimbach,
668 4812 727 4868 quo
758 4799 900 4854 nominati
932 4797 1073 4868 oppidani
1102 4799 1132 4852 in
1164 4793 1307 4851 Chambla
1329 4795 1487 4851 instituunt
1509 4795 1539 4848 in
1563 4807 1656 4848 causa
1680 4792 1804 4863 quadam

407 4889 621 4953 procuratores,
645 4886 704 4940 dat.
730 4884 779 4940 26.
804 4900 863 4957 apr.
893 4885 984 4940 1407.
1029 4881 1150 4954 Utrique
1172 4883 1310 4954 operculo
1335 4881 1519 4952 adglutinata
1540 4885 1623 4934 erant
1646 4879 1805 4948 fragmenta

408 4969 547 5025 Actorum
578 4969 796 5026 iudiciariorum
828 4971 1099 5041 archiepiscopatus
1128 4969 1293 5040 Pragensis,
1323 4982 1399 5039 quae
1430 4982 1509 5022 nunc
1531 4965 1690 5036 separatim
1713 4979 1806 5020 asser-

407 5063 514 5113 vantur
536 5059 627 5126 (edid.
651 5057 755 5124 Tacita,
780 5055 893 5114 Soudni
918 5059 987 5114 ekta
1008 5054 1069 5126 Vll,
1095 5050 1179 5130 212).
1205 5055 1298 5112 Vetus
1321 5056 1397 5126 sign.
1422 5055 1451 5123 7,
1475 5059 1494 5108 1.

1080 5277 1130 5325 270
