3890 5970
384 593 433 646 XII

386 805 592 866 desideratos
615 811 673 866 aut
693 807 821 867 calamo
852 807 1015 880 inductos
1046 812 1240 884 superemnt
1279 805 1362 868 1248
1394 803 1581 882 10111111“),
1616 811 1671 886 qui
1693 825 1714 868 a
1735 807 1787 868 Je-

385 911 481 970 suitis
504 907 717 972 Clementinis
739 926 847 971 novae
869 911 1084 971 bibliothecae
1107 910 1255 987 publicae
1271 909 1418 970 tradendi
1442 917 1550 982 erant;
1575 911 1635 972 sed
1658 929 1693 972 re
1707 929 1787 973 vara

386 1014 492 1074 traditi
515 1021 594 1074 sunt
616 1015 714 1092 paulo
736 1015 857 1092 plureS,
881 1018 968 1076 sicut
989 1020 1077 1092 patet
1098 1031 1141 1076 ex
1163 1031 1301 1075 numero
1324 1030 1425 1092 supra
1441 1018 1560 1092 positu,
1582 1031 1786 1094 quamquam

385 1117 533 1179 nonnulli
556 1132 643 1180 nunc
667 1117 902 1190 desiderantur,
933 1133 1019 1196 quos
1038 1119 1138 1178 habet
1166 1119 1337 1196 catalogus
1359 1135 1387 1178 1.
1416 1117 1494 1180 1781
1529 1122 1595 1192 (ex.
1624 1137 1672 1197 gr.
1703 1118 1740 1180 Y.
1763 1119 1786 1182 l.

385 1220 416 1281 2.
440 1239 473 1281 n.
496 1219 549 1296 27,
572 1237 670 1301 quem
694 1221 791 1283 etiarn
814 1226 892 1283 citat
914 1221 1029 1296 Pelzel,
1051 1220 1191 1284 Wenzel
1213 1221 1264 1287 IV.
1288 1223 1319 1284 2.
1341 1221 1405 1284 Tb.
1429 1257 1469 1266 —
1496 1219 1580 1285 1790
1608 1257 1641 1266 —
1668 1241 1698 1301 p.
1715 1222 1785 1296 165,

387 1323 426 1384 Y.
448 1323 482 1385 ll.
506 1323 540 1386 5.
560 1341 594 1385 n.
617 1324 682 1400 27).

494 1447 521 1508 Ε
544 1451 660 1510 ceteris
683 1445 717 1509 S.
740 1447 767 1507 J.
790 1448 934 1525 collegiis
956 1445 1137 1508 bohemicis
1164 1447 1224 1508 148
1246 1448 1379 1508 codices
1402 1449 1499 1514 latini.
1531 1465 1671 1528 quorum
1694 1450 1786 1527 origo

385 1559 474 1615 certa
495 1559 556 1627 est,
578 1552 622 1612 ad
645 1567 708 1612 nos
731 1557 961 1629 provenerunt,
994 1553 1137 1630 plerique
1160 1569 1179 1611 e
1201 1547 1439 1614 Crumloviensi
1468 1559 1500 1614 et
1521 1553 1688 1631 Ignatiano
1710 1552 1788 1613 Pra-

386 1661 489 1737 gensi‚
523 1673 566 1719 ex
588 1673 676 1718 nova
708 1667 817 1716 autem
853 1655 1049 1717 bibliotheca
1070 1653 1221 1717 Carolina
1248 1657 1372 1716 circiter
1393 1655 1423 1716 5.
1458 1654 1672 1717 Habebaniur
1693 1657 1789 1734 igitur

385 1766 418 1822 in
442 1777 530 1822 nova
552 1759 748 1820 bibliotheca
780 1761 911 1837 publica
932 1777 962 1820 a.
991 1757 1068 1819 1781
1094 1763 1219 1820 circiter
1245 1757 1328 1819 1500
1349 1760 1436 1821 latini
1467 1761 1610 1832 codices
1640 1777 1716 1820 cum
1740 1761 1788 1821 iu·

386 1866 483 1926 bente
505 1863 652 1942 Josepho
674 1863 709 1925 ll.
741 1867 933 1941 imperatore
967 1879 1167 1942 magnopere
1201 1868 1299 1923 aucta
1331 1872 1384 1923 est
1404 1868 1501 1941 copia
1523 1865 1674 1925 codicum
1697 1873 1788 1926 nost·

387 1985 496 2030 rorum
519 1985 562 2029 ex
584 1968 787 2030 bibliothecis
820 1968 956 2027 aliorum
990 1971 1261 2028 monasteriorum
1285 1971 1318 2028 in
1342 1983 1442 2045 regno
1466 1965 1642 2029 Bohemiae
1672 1986 1788 2030 recens

386 2073 589 2134 abolitonrm.
613 2071 703 2150 Quot
724 2073 812 2132 latini
834 2071 977 2137 codices.
1000 2077 1164 2149 quatenus
1186 2076 1278 2149 origo
1301 2087 1414 2132 comm
1438 2081 1526 2132 certa
1547 2080 1607 2148 est
1642 2089 1683 2133 ex
1706 2087 1788 2133 uno·

388 2192 520 2257 quoque
543 2179 742 2237 monasterio
765 2177 862 2237 nobis
891 2179 1099 2240 accreverint.
1133 2175 1281 2252 indigitat
1303 2175 1413 2235 tabula
1434 2179 1468 2236 in
1491 2173 1557 2236 fine
1579 2177 1677 2237 huius
1700 2183 1788 2238 cata-

386 2281 451 2359 logi
474 2273 638 2358 posita²⁵);
662 2281 714 2340 hic
737 2283 925 2340 summatim
949 2295 1173 2340 commemoro
1195 2295 1259 2339 nos
1281 2282 1469 2356 accepisse:

387 2435 602 2498 acanonicis
623 2434 844 2515 regularibus
871 2453 900 2496 s.
922 2433 1108 2514 Augustini
1135 2432 1178 2507 (Γ
1179 2427 1428 2499 iebonensibus.
1458 2433 1558 2496 Boro-

471 2539 687 2614 vanensibus,
711 2537 992 2612 Carloviensibus)
1062 2584 1557 2602 ..........
1601 2538 1666 2600 339
1690 2541 1786 2601 codd.

386 2662 408 2705 a
432 2639 708 2707 Cr'stercr'euaibus
730 2641 1002 2722 (Coronensibus,
1036 2641 1303 2720 Sedlecensibus‚
1338 2642 1558 2707 Plasensibus.

472 2746 690 2820 vallensibus,
714 2745 986 2820 Doxanensibus)
1060 2793 1558 2811 ..........
1606 2748 1668 2810 158
1725 2774 1741 2802 ›

386 2870 407 2913 a
429 2847 650 2913 Bmedictinis
680 2853 736 2924 (ad
759 2849 793 2913 S.
817 2849 1006 2929 Georgium.
1036 2852 1079 2911 ad
1103 2849 1136 2912 S.
1159 2837 1344 2912 iohannem
1375 2853 1439 2912 sub
1468 2868 1559 2930 rupe,

472 2953 515 3017 ad
538 2953 572 3017 S.
595 2953 775 3028 Nicolaum.
799 2959 838 3016 in
856 2951 1016 3028 BievnOV,
1039 2959 1072 3016 in
1094 2953 1250 3021 Kludnrb,
1273 2959 1307 3016 in
1330 2953 1505 3032 Sazava).
1551 3003 1560 3016 .
1628 2955 1669 3016 76
1727 2984 1741 3007 ·

387 3061 430 3122 ab
452 3059 649 3121 eremitas.
670 3056 856 3139 Augustini
877 3059 933 3133 (ad
956 3055 992 3122 S.
1014 3057 1261 3130 Wenceslaum,
1288 3057 1559 3135 Taboriensibus‚

473 3161 744 3240 Tustensibus).
790 3210 799 3223 .
845 3210 853 3223 .
899 3195 933 3223 .·
955 3207 1561 3226 ............
1626 3163 1670 3224 39
1727 3189 1741 3218 ι

386 3286 407 3328 1
429 3265 826 3329 Prumtonstmteuubus
845 3261 1189 3340 (Chotr'eioviensibus
1211 3265 1446 3347 Teplensibus)
1499 3320 1505 3330 .
1552 3316 1561 3329 .
1627 3267 1670 3328 25
1728 3295 1742 3318 »

387 3390 408 3432 a
431 3367 625 3451 crucigero
646 3375 736 3442 (cum
760 3371 862 3431 nrbeo
884 3371 994 3444 corde,
1017 3387 1093 3431 cum
1116 3372 1218 3432 nrbea
1240 3373 1343 3444 stella,
1366 3371 1558 3433 Zderazien-

473 3475 584 3554 sibus)
630 3520 1559 3538 ..................
1630 3475 1667 3535 li
1727 3503 1741 3526 ‚

385 3598 406 3641 a
431 3576 649 3642 011111311κί1
670 3576 966 3652 (Waldicensibus)
1010 3625 1560 3642 ...........
1631 3577 1669 3640 l?
1730 3605 1743 3628 ι

386 3702 407 3744 1
428 3682 664 3745 Domiuicuuis
695 3682 983 3756 (Budvicensibus,
1017 3681 1282 3749 Jablonensibus.
1317 3682 1559 3753 Pisecensibus,

474 3789 699 3857 Plznensibus‚
723 3787 942 3866 ngensibus
965 3787 1008 3848 ad
1031 3786 1065 3850 S.
1089 3789 1235 3858 Annam)
1279 3833 1558 3850 ......
1630 3786 1667 3848 ti
1727 3813 1742 3840 ι

386 3911 428 3956 ex
451 3897 567 3954 ceteris
590 3895 753 3954 minorum
775 3896 919 3970 gentium
944 3897 1151 3953 monasteriis
1225 3935 1558 3954 .......
1623 3891 1666 3952 13
1727 3915 1741 3940 ι

1207 4053 1395 4109 summatim
1441 4099 1449 4109 .
1494 4099 1501 4110 .
1548 4094 1557 4109 .
1603 4045 1661 4106 731
1690 4045 1788 4108 codd.

495 4221 560 4285 Tot
581 4229 677 4303 igitur
698 4225 804 4284 latinis
826 4224 1007 4289 codicibus.
1030 4237 1170 4304 quorum
1194 4226 1286 4300 origo
1309 4225 1395 4282 notis
1414 4224 1578 4298 inscriptis
1594 4221 1786 4290 declarahu,

388 4333 486 4387 aucta
507 4335 560 4388 est
582 4329 777 4390 bibliotheca
799 4335 953 4388 nostrae
976 4328 1114 4388 diversis
1147 4330 1355 4388 monasteriis
1385 4325 1460 4386 inde
1483 4325 1525 4385 ab
1548 4341 1578 4384 a
1605 4323 1687 4386 1782
1710 4323 1790 4384 abo·

387 4431 461 4492 litis.
484 4428 562 4492 Sive
577 4431 766 4493 traditonrm
789 4431 942 4493 codicum
958 4445 1131 4492 numerum
1146 4429 1240 4505 (262)
1255 4433 1325 4490 sive
1341 4432 1572 4507 praestantiam
1588 4433 1789 4506 reputamus,

387 4538 504 4595 ceteris
527 4537 682 4596 omnibus
704 4537 865 4599 antecellit
887 4537 1120 4598 monasterium
1142 4529 1369 4608 Tiebonense,
1392 4537 1422 4594 in
1447 4549 1513 4611 quo
1536 4533 1579 4592 ab
1598 4535 1687 4592 initio
1710 4533 1790 4592 litte-

494 4769 536 4850 ²⁴)
558 4779 756 4836 Scherschnik
780 4779 830 4844 (cs.
854 4778 972 4836 Balbini
984 4778 1059 4838 tion.
1082 4781 1162 4836 doct.
1177 4784 1224 4836 ed.
1241 4779 1340 4849 Unger
1354 4776 1474 4845 11110)
1497 4777 1678 4848 computant
1698 4775 1790 4844 1234,

388 4867 439 4938 qul
461 4881 601 4922 numerus
622 4869 729 4923 iustior
750 4881 814 4922 esse
837 4867 959 4922 videtin.

496 4960 536 5044 ²⁵)
560 4968 669 5025 Eadem
700 4970 801 5026 tabida
834 4973 920 5026 docet
950 4969 1111 5025 nonnullos
1141 4969 1260 5025 codices
1283 4973 1384 5025 nescio
1406 4982 1466 5040 quo
1488 4969 1578 5022 ruodo
1602 4966 1690 5022 nobis
1712 4965 1791 5021 obti-

388 5055 469 5126 gisse
492 5057 579 5112 etiarn
601 5071 618 5110 e
640 5058 827 5112 monasteriis
850 5072 910 5112 non
933 5055 1062 5113 abolitis.
