3820 5960
802 589 866 654 837

233 796 320 880 834
605 795 645 872 V.
681 797 724 872 B.
751 795 813 872 17.
827 811 872 877 (Υ.
890 812 926 863 11.
946 813 969 863 1.
988 828 1014 863 n.
1034 812 1086 874 aa.)

126 937 239 1000 citari.
261 955 322 1000 cca
345 955 380 999 a.
400 935 487 999 1407
506 935 547 1019 ff.
570 935 634 999 297
656 955 761 1011 num„
785 935 963 999 29><20·5
982 953 1045 997 cm.
1069 933 1100 999 d.
1117 953 1162 997 m.

237 1057 258 1120 i.
286 1054 444 1119 12-2101’
472 1056 613 1120 Henrici
642 1056 750 1120 Bobic
778 1054 1032 1118 Distinctiones
1054 1055 1159 1134 primi
1182 1056 1258 1118 libri
1279 1055 1524 1120 Decretalium.

128 1145 353 1207 »Auditon'um
384 1160 481 1206 suum
512 1145 632 1206 lecture
663 1144 870 1205 decretalium
903 1144 944 1204 de
968 1160 1064 1204 mane
1088 1142 1230 1204 Parisios
1253 1145 1465 1205 intrantibus«
1492 1145 1524 1202 ><

128 1232 341 1334 »Εκρ1κ1151
373 1235 464 1310 primi
495 1233 513 1293 l.
546 1231 578 1291 d.
609 1230 695 1293 dom.
731 1228 770 1291 H.
795 1229 920 1291 Bonhic
943 1228 1018 1308 (sic)
1041 1229 1129 1291 finite
1160 1249 1189 1292 a.
1214 1231 1244 1291 d.
1271 1227 1353 1292 1407
1377 1235 1449 1309 ipso
1473 1232 1524 1292 die

124 1321 257 1465 Agami
280 1323 661 1482 ¹2111‘12r22223b(anepigr.)
684 1402 903 1482 Quaestiones
927 1418 1027 1480 super
1050 1403 1212 1481 quasdam
1237 1407 1389 1465 materias
1406 1403 1524 1465 Decre-

123 1493 262 1638 tahumi.
287 1577 492 1640 2211--2971ι
516 1573 680 1638 Guilelmi
702 1574 744 1636 de
768 1573 886 1637 Monte
909 1574 1077 1637 Lauduno
1100 1574 1366 1639 sacramentale.
1393 1577 1521 1641 »Caris-

123 1669 212 1726 simo
235 1663 299 1726 fillo
323 1681 385 1726 suo
409 1681 447 1725 ac
471 1665 601 1743 speciali
625 1663 712 1723 dom.
737 1660 858 1723 Poncio
882 1659 1046 1722 devilia«
1074 1663 1106 1721 ><
1133 1662 1245 1742 »Expi
1270 1661 1416 1725 Sacram.
1433 1664 1522 1726 dom.

122 1750 166 1811 G.
190 1751 231 1812 de
254 1750 297 1812 M.
322 1750 355 1812 L.
380 1752 641 1812 excellentissimi
665 1752 741 1809 iuris
765 1765 883 1809 canon.
908 1747 1080 1810 doctoris«

233 1857 387 1930 Operculis
416 1858 545 1928 adligata
575 1863 644 1912 sunt
673 1856 835 1927 fragmenta
864 1855 983 1910 membr.
1008 1855 1191 1912 instrumenti
1215 1857 1295 1929 publ.
1321 1857 1427 1914 notarii
1450 1873 1522 1914 coo·

121 1945 225 2016 scripti
248 1943 417 2014 Moguntiae
448 1961 473 2002 a.
504 1942 593 1999 1403.
617 1941 651 1997 In
680 1942 772 1998 fronte
795 1941 815 1998 1.
844 1944 874 1996 1·
896 1941 1054 1997 adnotatus
1079 1949 1123 1998 est
1145 1959 1235 1999 manu
1258 1959 1336 2002 saec.
1361 1942 1426 2000 XV.
1451 1960 1520 2015 pos·

121 2047 226 2088 sessor
246 2032 312 2086 libri
339 2029 434 2102 »Mag
459 2029 621 2085 Fridericus
644 2027 804 2100 Epptnge«
831 2027 922 2083 Vetus
946 2029 1020 2098 sign.
1045 2028 1075 2098 F,
1105 2029 1151 2086 14.
1176 2029 1373 2087 Codtecens
1391 2029 1521 2100 Scauro,

122 2119 238 2174 Canon.
263 2117 373 2172 Hdscb.
397 2134 425 2189 p.
452 2117 503 2176 31.

229 2283 311 2366 835
610 2281 647 2357 V.
675 2283 719 2357 B.
746 2284 808 2358 18.
837 2299 882 2363 (Y.
901 2299 921 2350 ι.
940 2301 964 2352 r.
983 2315 1009 2350 n.
1029 2301 1082 2364 44.)

120 2423 233 2485 chari.
255 2441 344 2486 saec.
367 2423 453 2486 XIV
473 2441 518 2486 ex.
534 2421 583 2502 fs.
606 2423 672 2485 340
695 2441 797 2504 rrum„
821 2425 964 2487 30><22
987 2441 1048 2486 cm.
1071 2425 1089 2486 1
1116 2441 1160 2485 m.

119 2545 276 2607 Conradi
306 2545 348 2607 de
378 2545 617 2609 Waldbausen
647 2545 796 2608 Postilla
819 2545 1041 2649 ⁸studentium
1072 2549 1214 2610 sanctae
1237 2546 1426 2625 Pragensis
1450 2546 1522 2608 uni-

235 2717 255 2778 l.
283 2721 316 2780 1⁸
344 2718 524 2781 »Postillam
549 2720 633 2781 stud.
659 2737 685 2781 s,
710 2635 923 2798 Pi'aegmrtliriirs
937 2725 972 2780 ut
995 2735 1095 2798 super
1109 2721 1289 2798 ewangelia
1305 2720 1520 2794 dominicalia,

122 2821 190 2882 que
217 2805 367 2883 leguntur
400 2822 456 2884 per
489 2822 631 2867 annum«
658 2804 690 2864 ><
714 2805 736 2866 i.
760 2805 840 2867 329ι
874 2811 1006 2886 »quinta
1037 2805 1201 2867 dominica
1223 2813 1298 2867 ante
1322 2811 1520 2868 nativitatem

122 2893 248 2952 domini
272 2898 333 2953 etc.
357 2890 518 2954 Marcus«

234 2994 254 3056 l.
277 2991 483 3056 3302-340b
507 2995 685 3058 Sermones
708 2996 749 3056 de
773 2996 986 3068 dedicatione,
1011 2996 1052 3056 de
1075 2996 1258 3071 animabus
1295 2997 1335 3058 de
1368 2989 1521 3076 dignitate

122 3082 318 3143 sacerdotali
342 3081 487 3160 (ultimus
511 3087 542 3143 in
566 3082 630 3144 fine
655 3083 810 3162 mutilus).

234 3186 327 3244 Vetus
350 3189 425 3259 sign.
450 3188 484 3258 Ο,
511 3189 561 3245 59.

229 3354 311 3436 836
610 3357 647 3432 V.
674 3359 717 3433 B.
747 3357 808 3432 19.
828 3373 872 3436 (r.
890 3373 911 3425 1.
930 3374 955 3426 r.
974 3389 1000 3424 n.
1020 3373 1074 3438 rs.)

122 3496 250 3558 mixtus
281 3513 367 3558 saec.
391 3494 463 3557 XV
472 3493 522 3574 ff.
543 3495 605 3559 301
630 3514 734 3572 ierim„
765 3497 948 3575 29·5><22
969 3513 1033 3557 cm.
1057 3495 1087 3558 d.
1113 3514 1160 3570 rra,

119 3615 260 3678 Nicolai
280 3615 322 3678 de
352 3615 434 3678 Lira
463 3616 611 3679 Postilla
641 3633 748 3696 super
769 3616 1055 3765 {eiliateuchum'
1079 3616 1187 3679 libros
1208 3617 1328 3694 Josue,
1349 3618 1513 3681 iudicum

799 3722 822 3765 u
865 3748 873 3765 .

233 3809 377 3882 Operculo
407 3827 502 3883 super.
535 3813 694 3882 adligatum
726 3819 770 3868 est
800 3812 994 3883 fragmentum
1024 3814 1184 3870 membran.
1219 3803 1367 3868 literarum
1391 3827 1519 3883 german.

120 3897 306 3968 Sigismundi
329 3897 411 3957 Rom.
436 3904 464 3953 et
486 3898 558 3954 Boh.
583 3899 669 3970 regis,
692 3901 799 3969 quibus
822 3901 999 3970 praecipitur
1021 3899 1135 3954 civibus
1158 3899 1382 3968 Zitaviensibus,
1407 3905 1438 3954 ut
1461 3899 1520 3954 arci

119 3990 150 4038 et
175 3983 353 4039 monasterio
376 3982 530 4055 Ojbinensi
554 3985 652 4041 debita
674 3987 802 4042 solvant.
826 3985 862 4041 Et
884 3984 1076 4055 fragmentum
1099 3986 1156 4043 hoc
1179 3993 1207 4041 et
1222 3986 1381 4058 singularis
1397 3984 1521 4056 ligatura

119 4074 211 4125 docet
241 4070 373 4126 codicem
397 4071 428 4126 in
451 4071 629 4128 monasterio
653 4069 806 4141 OjbInensi
830 4077 982 4127 exaratum
1005 4087 1080 4130 esse.

228 4235 311 4319 837
610 4237 647 4314 V.
677 4240 720 4315 B.
748 4239 809 4314 20.
839 4255 884 4320 (r.
902 4255 1014 4307 siaa
1034 4256 1088 4322 ra.)

117 4377 230 4438 chari.
252 4394 339 4439 saec.
363 4371 445 4438 XIV
465 4382 495 4439 ei
516 4372 582 4438 XV
588 4377 636 4460 ff.
664 4378 728 4442 164
750 4397 854 4458 num„
877 4380 1056 4442 30><2r5
1076 4398 1139 4441 cm.
1163 4381 1194 4442 d.
1219 4399 1263 4442 m.

231 4497 252 4559 i.
280 4496 416 4560 12--10b
438 4501 507 4558 xlv
537 4518 616 4560 saec.
645 4499 858 4579 Evangelien
888 4502 959 4562 und
989 4499 1122 4580 Epistei
1156 4501 1219 4563 der
1241 4501 1415 4578 Soantage
1438 4515 1521 4562 vonr

117 4583 262 4647 Advent
293 4584 347 4646 bis
380 4601 459 4647 zum
493 4585 649 4665 Soantag
681 4586 907 4665 sexagesima
939 4588 1204 4667 (unvollstindig.
1236 4586 1341 4665 Vergl.
1374 4585 1463 4647 Kelle
1487 4590 1518 4648 in

118 4671 235 4750 Serap.
263 4671 340 4734 1861
368 4670 402 4734 S.
426 4671 513 4747 375).

231 4756 253 4818 i.
281 4758 313 4820 li
341 4774 483 4820 vacuum
506 4765 566 4821 est.

230 4859 251 4922 i.
279 4861 436 4923 122-36·
458 4864 513 4920 XV
536 4882 614 4923 saec.
637 4861 691 4925 Fr.
713 4862 857 4926 Henrici
878 4863 936 4942 (de
958 4863 1173 4943 Bitterieldi)
1189 4863 1261 4926 ord.
1284 4862 1398 4941 praed.
1422 4862 1521 4926 'irae-

115 4953 218 5010 tatua
251 4947 293 5009 de
327 4965 428 5011 sacra
456 4949 700 5012 communione
729 4955 764 5012 et
793 4957 998 5029 argumenta
1025 4949 1106 5014 fidei
1138 4949 1310 5012 adversus
1343 4949 1519 5020 Hussitas.

121 5031 228 5096 »Cum
259 5035 568 5098 animadverterem«
604 5037 637 5094 ><
672 5035 784 5115 »Expl
821 5042 855 5100 tr.
892 5038 932 5098 de
963 5055 990 5098 s.
1024 5055 1053 5099 c.
1085 5038 1267 5100 secundum
1302 5053 1400 5099 usum
1436 5039 1519 5099 alme

797 5261 843 5312 341
