3844 5968
785 544 849 607 290

217 755 237 818 i.
262 755 375 817 236⁸-
388 752 469 818 2811’
493 753 602 818 Stella
624 753 830 817 clericorum
854 771 933 816 cum
959 753 1190 833 expositione.
1239 754 1352 818 »Circa
1385 761 1516 820 inicium

118 845 205 904 stelle
229 845 419 904 clericorum
443 842 484 903 de
508 844 580 904 celo
605 842 801 902 ermundo«
830 859 862 916 ><
891 846 940 903 »in
964 845 1075 902 celesti
1100 847 1231 920 patria«
1257 843 1308 918 (ln
1332 845 1405 905 cod.
1429 843 1450 905 1.
1475 841 1514 904 G.

117 931 134 990 2
158 929 179 992 i.
202 929 343 999 60-67‚
371 931 425 992 ubi
449 925 646 1007 idemiopu's
670 933 810 989 occurrit
832 929 891 988 sed
916 933 987 989 sine
1012 932 1227 1007 expositione,
1252 935 1382 1008 ponitur
1403 935 1517 992 auctor

116 1017 201 1096 Mag.
224 1017 446 1078 Hermannus
469 1014 718 1093 Tepelstensis,
743 1015 804 1075 sed
827 1013 900 1076 alibi
924 1016 994 1076 aliis
1018 1015 1220 1091 attribuitur.)

217 1123 370 1196 Operculis
404 1124 534 1195 adligata
567 1129 638 1177 sunt
672 1124 732 1177 duo
770 1121 933 1191 fragmenta
956 1122 1115 1183 membran.
1150 1125 1288 1179 codicum
1310 1124 1515 1195 vetustiorum,

116 1227 204 1266 unum
227 1227 306 1270 saec.
328 1209 405 1278 XIII,
428 1210 551 1266 alterum
575 1207 653 1269 XIV.
676 1207 710 1264 In
732 1208 782 1268 foi.
806 1208 910 1264 ultimo
933 1224 993 1263 non
1018 1225 1097 1268 num.
1122 1211 1294 1280 adnotatum
1317 1215 1362 1266 est
1384 1210 1516 1266 codicem

115 1312 191 1358 saec.
215 1296 271 1352 XV
294 1297 385 1353 fuisse
408 1302 535 1353 monast.
566 1294 804 1355 Borowanensis.
841 1293 965 1366 (Ibidem
999 1298 1125 1352 occurrit
1158 1303 1230 1351 nota
1263 1297 1299 1352 de
1334 1299 1426 1353 missa
1458 1297 1516 1368 legi

116 1391 217 1454 coepta
240 1401 268 1444 a.
296 1384 386 1452 1496,
411 1399 500 1454 quam
522 1382 654 1439 fundavit
676 1381 793 1437 Ulricus
817 1381 853 1436 de
877 1381 1059 1452 Dworzecz.)
1082 1383 1119 1442 A.
1147 1383 1227 1439 1609
1252 1385 1346 1439 codex
1368 1390 1429 1439 erat
1445 1384 1515 1445 bibl.

118 1470 359 1540 Rosenbergicae,
383 1473 488 1526 deinde
512 1471 615 1524 iterum
640 1470 810 1524 monasterii
837 1468 969 1539 praefati.

214 1653 296 1738 289
730 1655 759 1730 I.
790 1655 835 1730 G.
863 1654 924 1729 13.

114 1797 219 1858 chart.
243 1814 331 1858 saec.
355 1794 424 1857 XV
433 1793 483 1873 ff.
506 1794 572 1857 260
594 1813 698 1868 num,
722 1793 865 1856 21><14
887 1811 950 1857 cm.
975 1795 1007 1858 d.
1031 1813 1075 1856 m.

216 1920 236 1980 i.
266 1917 384 1979 1-75·
413 1921 572 1991 (anepigrt
614 1915 851 1979 Auctoritates
883 1916 1109 1995 theologicae.
1160 1916 1387 1978 »Bemlrardus
1422 1917 1513 1978 dicit:

114 2005 194 2065 deus
218 2010 272 2066 est
293 2021 404 2065 amor«
431 2006 463 2061 Χ
489 2002 666 2082 »Magnum
690 2004 889 2065 certantibus
913 2004 1073 2075 levamen,
1098 2021 1253 2082 magnam
1273 2004 1515 2065 consolacionis

112 2097 254 2170 graciam
301 2096 421 2170 parat«.
458 2087 611 2168 Sequitur
661 2095 833 2168 registrum
875 2095 907 2152 in
950 2090 1054 2152 fronte
1097 2092 1288 2167 mutilatum,
1323 2089 1451 2151 finitum
1484 2107 1516 2153 a.

114 2176 203 2240 1437.

212 2283 234 2344 i.
259 2279 421 2343 75ὓ-83ι
445 2285 604 2356 (anepigr.)
635 2279 816 2342 Tractatus
851 2281 893 2342 de
915 2281 1080 2359 peccatis.
1118 2279 1299 2360 »Superbia
1328 2286 1381 2341 est
1414 2285 1515 2342 maio·

113 2375 213 2430 racio«
244 2371 277 2427 ><
303 2369 411 2449 »quod
435 2373 500 2447 regi
524 2369 638 2446 placet,
663 2367 739 2428 illud
764 2372 892 2446 oportet
913 2368 1022 2429 lacere
1046 2373 1107 2430 etc.
1131 2367 1173 2430 Et
1195 2372 1243 2429 sic
1266 2373 1319 2428 est
1339 2367 1445 2428 finis«

215 2474 238 2534 l.
263 2469 425 2535 g3s„g4a
449 2470 553 2533 Notae
577 2472 617 2532 de
641 2472 842 2550 quadruplici
867 2487 970 2532 sensu
994 2476 1184 2550 scripturae,
1208 2471 1249 2531 de
1272 2471 1436 2533 ebrietate.

218 2577 239 2639 i.
264 2575 432 2638 852-143
455 2580 600 2651 (anepigr,
625 2579 711 2635 titulo
733 2580 763 2633 in
787 2577 880 2634 fronte
911 2579 1030 2649 evulso)
1053 2573 1323 2638 Confessionale
1355 2573 1514 2636 sacerdo·

112 2671 194 2727 tum.
222 2665 276 2726 »ln
301 2668 411 2742 primis
435 2663 533 2723 debet
566 2663 725 2723 sacerdos
759 2666 956 2739 interrogare
991 2667 1208 2741 penitentem«
1235 2661 1268 2718 ><
1316 2661 1376 2724 »Et
1409 2664 1514 2723 sancti

114 2759 220 2828 patres
245 2751 397 2811 dixerunt
418 2755 532 2812 contra
555 2750 643 2810 hunc
667 2765 820 2809 errorem.
844 2747 886 2810 Et
908 2750 1008 2810 homo
1032 2748 1139 2810 iactus
1163 2754 1317 2810 estete«

212 2855 234 2916 i.
264 2848 466 2916 isicii-152b
490 2854 522 2916 S.
540 2851 728 2931 Augustini
764 2853 806 2914 ad
839 2852 982 2914 Petrum
1016 2853 1204 2916 dlaconum
1237 2852 1325 2915 liber
1359 2853 1400 2914 de
1435 2849 1513 2914 lide.

117 2942 334 3004 »Firmissime
358 2946 450 3002 tene«
477 2945 537 3002 etc.

212 3045 233 3106 i.
264 3040 463 3106 152δ-155α
487 3043 674 3122 Disputata
695 3042 822 3105 Judaei
846 3060 926 3105 cum
950 3041 1153 3107 Christiano
1176 3046 1270 3118 (aiter
1301 3044 1432 3104 titulus:
1465 3041 1514 3103 Li·

111 3133 165 3192 bar
193 3137 310 3194 contra
339 3131 509 3204 Iudaeos),
543 3135 579 3191 ut
608 3130 744 3198 videtur,
781 3135 813 3190 in
856 3129 921 3192 line
961 3141 1089 3192 manca.
1131 3130 1297 3192 »Dicimus
1331 3133 1416 3191 enim
1451 3127 1513 3190 ira·

109 3224 190 3280 tres«
217 3224 279 3281 etc.

210 3323 233 3383 i.
263 3319 464 3383 1560—164b
500 3320 687 3400 Speculum
720 3321 942 3383 sacerdotum
986 3326 1072 3384 circa
1107 3327 1313 3383 sacramenta
1348 3320 1510 3398 baptismi,

110 3411 324 3471 eucharistiae
349 3414 380 3469 et
402 3413 630 3486 poenitentiae.
657 3407 767 3468 »Istud
792 3413 843 3468 est
867 3409 1039 3486 speculum
1063 3409 1189 3470 nobile«
1215 3409 1248 3465 ><
1275 3406 1366 3486 »Que
1389 3407 1441 3467 hic
1457 3404 1512 3465 de-

111 3494 233 3570 ficiunt,
258 3500 290 3556 in
313 3512 441 3556 canone
463 3493 710 3578 huius3speculi
727 3499 939 3572 requirantur.
958 3495 1029 3556 Deo
1045 3499 1183 3574 gracias
1200 3494 1339 3574 Explicit
1354 3493 1418 3554 hoc
1439 3509 1512 3571 spe·

110 3583 217 3644 cuium
245 3581 483 3644 sacerdotum«

210 3686 232 3748 i.
262 3681 464 3746 1652-26012
487 3685 604 3766 (titulus
627 3691 658 3744 in
682 3687 775 3744 fronte
798 3687 934 3760 evulsus)
968 3684 1114 3747 Antonii
1135 3683 1326 3747 Januensis
1350 3682 1421 3744 ord.
1445 3700 1512 3744 ere-

109 3777 172 3833 mit.
198 3791 227 3836 5.
253 3773 335 3851 Aug.
359 3770 462 3834 Liber
483 3771 674 3850 figurarum
697 3770 893 3833 moralium.
919 3772 1151 3834 »Abstinencia
1169 3773 1266 3833 bona.
1291 3768 1425 3848 Castigo
1441 3785 1511 3831 cor·

110 3875 170 3936 pus
194 3875 326 3921 meum«
354 3863 385 3916 ><
411 3857 569 3938 »Explicit
591 3860 670 3919 iiber
692 3857 871 3936 figurarum
906 3860 948 3920 ab
973 3859 1140 3922 Anthonio
1175 3861 1380 3936 compositus
1415 3854 1511 3918 iratre

108 3945 368 4008 heremitarum«
395 3943 548 4024 Sequitur
570 3945 669 4007 index
692 3949 725 4007 in
748 3944 814 4006 line
841 3962 990 4007 mancus.

210 4052 366 4124 Operculis
390 4051 521 4123 adligata
542 4060 613 4108 sunt
642 4053 804 4122 fragmenta
838 4055 995 4108 cuiusdam
1030 4053 1141 4109 codicis
1176 4053 1336 4110 membran.
1372 4049 1510 4110 hebraici.

107 4137 288 4196 intrinsecus
311 4139 440 4211 operculi
464 4139 624 4212 superioris
647 4144 781 4195 notatur:
810 4137 913 4195 »Liber
935 4139 1106 4197 monasterii
1128 4145 1157 4194 et
1178 4142 1285 4196 domus
1308 4152 1383 4193 nove
1406 4138 1512 4192 lunda·

108 4226 202 4282 cionis
227 4226 275 4281 dei
298 4225 447 4298 genitricis
471 4225 595 4297 virginis
617 4224 710 4281 Maria
734 4225 764 4280 in
787 4224 933 4281 Borowan
957 4229 1170 4282 canonicorum
1200 4225 1377 4296 regularium
1400 4239 1426 4285 s.
1448 4223 1511 4278 Au-

108 4316 250 4383 gustini«
274 4311 386 4368 Deinde
409 4315 503 4368 codex
525 4313 555 4367 in
580 4313 650 4374 bibi.
673 4311 920 4383 Rosenbergicam
945 4314 1085 4384 pervenit,
1121 4329 1157 4369 ex
1191 4329 1250 4384 qua
1283 4313 1435 4368 restitutus
1465 4315 1511 4365 est

107 4399 287 4456 monasterio
309 4399 448 4470 praefato.

209 4566 292 4648 29⁰
725 4566 754 4644 I.
784 4567 829 4642 G.
858 4567 919 4642 14.

106 4705 214 4769 chari.
239 4725 272 4770 a.
295 4706 468 4770 1415-17
489 4705 527 4788 ff.
550 4705 626 4783 190,
648 4707 826 4770 21·5><15
861 4725 923 4770 cm.
959 4706 1004 4769 ab
1025 4725 1090 4769 mro
1123 4705 1239 4770 scriba
1260 4705 1418 4787 (Lipkona
1436 4705 1509 4787 ple-

108 4789 196 4856 bano
212 4795 249 4855 ἐκ
271 4790 472 4874 Gistabnicz)
493 4797 668 4861 exaratam.

209 4915 231 4977 f.
260 4911 380 4976 1—521’
402 4905 577 4979 Iohannis
601 4915 645 4976 de
666 4913 768 4990 illisa,
814 4914 975 4977 canonici
1005 4913 1203 4993 Prageasis,
1248 4913 1293 4974 ad
1314 4912 1347 4972 d.
1370 4909 1510 4974 Cuuath

105 5001 238 5064 dicaam
257 5001 383 5080 Capler
398 5002 455 5082 (de
476 4999 643 5079 suleole),
665 5002 864 5064 tabularum
885 5001 985 5081 regni
1006 4999 1170 5064 Boemiae
1185 5014 1389 5078 supremum
1412 5003 1510 5062 nota·

787 5225 833 5276 127
