3820 5960
832 553 895 615 657

270 765 291 825 i.
314 762 519 826 2791-3311
542 764 709 827 Eiusdem
739 765 841 826 Liber
870 762 912 824 de
943 779 1026 826 cura
1047 763 1225 840 pastorali.
1253 761 1556 824 »Reverendissimo

158 855 194 912 et
216 855 426 913 sanctissimo
450 851 536 913 fratri
559 851 700 914 iohanni
722 855 939 930 coiipiscopo«
957 856 986 906 ><
1002 849 1207 928 ›Expliciunt
1230 849 1406 928 pastoralia
1428 851 1458 911 b.
1480 848 1562 911 Gre-

158 941 241 1016 gorii
273 954 355 1017 pape
386 942 572 1018 conscripta
604 955 662 1017 per
692 955 744 999 me
767 936 943 1001 Donatum
965 937 1001 998 in
1024 935 1181 998 Goerlicz
1204 943 1340 1016 protunc
1364 937 1503 998 ibidem«
1525 985 1558 998 ..

157 1028 320 1099 (maxima
350 1042 426 1103 pars
456 1025 554 1086 huius
585 1026 806 1087 conclusionis
836 1027 939 1086 cultro
969 1027 1082 1086 excisa
1105 1029 1172 1095 est;
1207 1025 1358 1103 reliquiae
1382 1027 1560 1102 scripturae

159 1112 341 1173 rubricatae
376 1111 496 1173 docent
529 1113 670 1173 scribam
704 1113 756 1172 hic
791 1112 831 1172 de
862 1119 954 1190 peste
989 1109 1120 1173 Gorlicii
1150 1117 1226 1172 tunc
1257 1116 1430 1188 grassante
1453 1111 1561 1188 aliqua

159 1199 262 1260 verba
285 1202 487 1272 inseruisse).

270 1283 290 1346 1.
314 1283 520 1346 33221-409b
543 1283 711 1351 Eiusdem
733 1283 891 1364 Quatuor
912 1283 991 1346 libri
1015 1283 1230 1363 dialogorum
1253 1282 1295 1345 de
1318 1283 1392 1345 vita
1407 1287 1441 1344 et
1455 1281 1561 1344 mira-

157 1370 250 1432 culis
273 1376 411 1450 patrum
432 1371 642 1435 Italicorum.
669 1370 840 1449 »Quadam
865 1371 916 1432 die
939 1375 1035 1432 nimis
1061 1371 1268 1449 quorundam
1293 1369 1507 1431 secularium«
1527 1369 1560 1427 ><

162 1457 224 1519 »Et
245 1461 278 1520 in
301 1458 364 1519 hoc
388 1462 600 1520 terminantur
622 1465 762 1538 quatuor
784 1460 802 1521 1.
820 1457 850 1516 d.
868 1459 899 1519 b.
916 1457 971 1519 Gr.
991 1505 1025 1524 ..
1050 1461 1224 1535 conscripti
1248 1473 1305 1536 per
1319 1473 1372 1517 mc
1385 1454 1561 1518 Donatum

158 1543 198 1607 in
220 1543 301 1607 dote
316 1543 552 1608 Goerliczensi
568 1545 824 1623 predicatorem
839 1543 975 1620 ibidem,
992 1559 1078 1624 quos
1094 1547 1199 1623 incepi
1216 1545 1324 1605 suba.
1342 1543 1372 1604 d.
1391 1541 1474 1604 1464
1493 1589 1500 1605 .
1520 1590 1526 1603 .
1553 1591 1559 1603 .

157 1631 348 1693 ebdomada
381 1637 530 1711 proxima
563 1639 639 1711 post
672 1631 793 1694 iestum
827 1635 1072 1710 assumpcionis
1105 1629 1206 1692 Marie
1228 1631 1410 1692 notabiliter
1431 1633 1559 1708 vigente

159 1720 352 1780 mortalitate
376 1720 545 1780 hominum
570 1719 689 1779 ibidem
713 1723 746 1778 et
767 1717 857 1779 finivi
880 1722 912 1780 in
929 1723 1071 1780 crastino
1088 1735 1114 1778 s,
1133 1716 1305 1779 Catherine
1320 1721 1385 1778 iam
1402 1717 1560 1794 quodam-

159 1805 261 1866 modo
285 1805 400 1866 sedata
423 1805 511 1866 dicta
534 1807 744 1866 mortalitate«
767 1853 773 1866 .
794 1853 800 1864 .
821 1851 854 1866 ..

267 1891 287 1954 i.
312 1891 517 1954 4101-4281
540 1895 613 1967 (alia
636 1890 739 1970 manu)
762 1891 796 1952 S.
819 1890 997 1954 Benedicti
1019 1890 1159 1969 Regula.
1178 1891 1364 1962 »Ausculta
1384 1888 1559 1968 01111010-

156 1983 255 2056 cepta
284 1983 447 2058 magistri«
464 1981 612 2053 ><(manu
642 1981 751 2037 Donati
782 1983 909 2053 rubricz)
947 1977 1104 2057 »Explicit
1134 1975 1256 2056 Regula
1279 1978 1308 2038 b.
1334 1980 1433 2055 patris
1457 1975 1559 2037 Bene-

157 2063 234 2126 dicti
257 2065 386 2127 abbatis
409 2064 500 2127 finita
523 2067 586 2127 sub
609 2083 638 2126 a.
665 2065 695 2126 d.
723 2062 805 2126 1465
829 2065 883 2126 ier.
908 2063 950 2128 IV
974 2069 1049 2144 post
1072 2065 1215 2126 Ailexii.«

267 2150 287 2214 1.
311 2149 517 2214 428⁸--1i28b
544 2151 730 2215 »Ultimum
752 2155 1002 2214 testamentum
1026 2167 1054 2214 s.
1079 2149 1282 2213 Francisci.‹

266 2237 287 2298 1.
311 2239 519 2300 4294-4314
551 2238 682 2317 Regula
715 2238 746 2299 b.
788 2237 973 2302 Francisci.
1011 2237 1196 2299 »Honorius
1231 2241 1408 2316 episcopus
1443 2251 1559 2296 servus

156 2339 327 2386 servorum
359 2326 429 2387 dei«
459 2332 487 2383 Χ
517 2325 673 2404 »Explicit
704 2342 726 2386 r.
752 2325 781 2385 b.
806 2325 855 2386 Fr,
880 2329 1066 2404 conscripta
1098 2341 1154 2402 per
1177 2341 1229 2384 me
1253 2323 1430 2387 Donatum
1452 2321 1560 2400 Cluge

155 2409 200 2472 de
221 2409 375 2474 Roswen
399 2462 406 2474 .
432 2462 438 2473 .
465 2415 517 2491 .()
539 2431 567 2474 a.
593 2413 624 2476 d.
651 2408 733 2473 1455
756 2415 788 2472 in
812 2413 918 2491 vigilia
941 2413 1150 2491 palmarum«

266 2497 286 2559 1,
311 2495 517 2561 4311-4391
541 2497 574 2561 S.
607 2500 780 2577 Augustini
812 2497 991 2561 Sermones
1021 2500 1143 2577 aliquot
1172 2503 1204 2557 et
1234 2511 1321 2557 unus
1344 2496 1375 2556 b.
1399 2494 1558 2557 iohannis

153 2588 302 2664 episcopi
328 2586 369 2646 de
393 2585 603 2647 confessione
628 2591 847 2664 peccatorum.

266 2669 517 2733 14401-4421
551 2670 688 2734 Ecberti
723 2671 939 2751 (iilrlreberti)
970 2671 1106 2732 abbatis
1136 2669 1306 2730 Stimulus
1336 2667 1492 2730 caritatis
1524 2667 1561 2728 in

154 2755 249 2819 dom.
280 2757 404 2820 Jesum
435 2758 617 2821 Christum
647 2762 694 2831 (in
725 2757 790 2820 fine
820 2762 985 2831 mancus).
1019 2757 1149 2818 »iesum
1180 2753 1386 2816 Nazarenum
1410 2772 1430 2814 a
1452 2753 1559 2814 iudeis

154 2847 348 2906 innocenter
379 2846 677 2925 condempnatum«
699 2847 730 2901 ><
747 2851 877 2907 »anima
907 2860 980 2906 mea
1013 2845 1120 2904 vidisti
1152 2849 1184 2903 et
1215 2846 1346 2903 miserta
1377 2857 1414 2902 es
1437 2845 1560 2914 (cetera

154 2930 404 3010 desiderantur).

261 3101 340 3184 656
614 3106 686 3181 IV.
714 3104 762 3180 D.
790 3103 824 3179 2.
853 3119 900 3185 (Υ.
918 3121 938 3172 1.
950 3121 975 3172 a
990 3135 1015 3170 u.
1029 3120 1082 3183 rr.)

153 3223 264 3286 chari.
287 3244 320 3287 a.
343 3225 429 3288 1412
439 3227 485 3309 ff.
509 3228 572 3290 127
596 3245 699 3304 nram„
723 3227 867 3290 29><22
889 3225 1008 3289 cmssd.
1032 3243 1076 3286 m.

421 3346 572 3410 Conradi
596 3350 638 3412 de
662 3349 901 3413 Waldhausen
923 3346 1088 3409 Postillae
1112 3349 1286 3423 excerpta.

264 3450 284 3512 i.
312 3450 346 3510 1⁸
372 3452 579 3515 »Adventum
604 3454 728 3517 domini
752 3455 948 3515 recolentes«
979 3455 1008 3508 ><
1032 3451 1054 3512 1.
1083 3449 1158 3511 1261
1184 3449 1388 3527 »Expliciunt
1406 3453 1560 3526 excerpta

152 3537 282 3618 postille
298 3535 467 3600 Chunradi
489 3540 530 3601 de
554 3539 772 3624 Walthausen
795 3539 887 3601 finita
909 3557 938 3600 a.
964 3539 994 3599 d.
1011 3535 1094 3598 1412
1117 3541 1148 3597 in
1164 3538 1249 3616 vigil.
1273 3533 1403 3614 Georgii
1418 3535 1554 3596 militis«

263 3624 285 3685 1.
313 3623 388 3684 1271
412 3623 536 3687 Decem
560 3633 735 3706 praecepta
757 3630 951 3706 germanice.

265 3731 298 3787 ln
329 3732 467 3805 operculo
503 3749 598 3805 super.
630 3735 810 3792 intrinsecus
844 3736 956 3801 eadem,
988 3739 1021 3788 ut
1044 3733 1160 3787 videtur
1182 3746 1281 3797 manu,
1305 3743 1380 3800 quae
1403 3735 1559 3800 praecepta

151 3835 243 3889 supra
267 3825 410 3876 recensita
433 3825 555 3890 notavit,
583 3823 798 3878 »subnotantur
819 3821 949 3878 redditus
967 3817 1088 3876 ecclesie
1102 3834 1127 3874 s.
1140 3817 1302 3887 Margarete
1314 3816 1345 3870 in
1357 3814 1556 3871 Maricbekir.»

150 3905 266 3962 Deinde
289 3909 382 3963 codex
405 3915 465 3963 erat
490 3907 645 3964 »librariae
667 3907 797 3964 Mathiae
820 3907 969 3969 Muciae«,
1000 3905 1093 3962 Vetus
1117 3908 1192 3976 sign.
1216 3902 1250 3972 C,
1275 3903 1304 3958 3.

258 4088 337 4171 657
620 4091 642 4166 I
647 4093 688 4166 V.
716 4093 763 4167 D.
791 4093 825 4166 3.
855 4105 1009 4178 (2120.
1029 4110 1082 4171 aa)

151 4213 344 4276 membran.
367 4230 454 4276 saec.
478 4213 565 4276 XIV
575 4215 619 4297 ff.
643 4211 817 4295 28-1-180
830 4214 885 4295 (:
898 4215 976 4295 208)
999 4235 1091 4279 rturu.
1107 4217 1150 4280 27
1166 4219 1198 4274 ><
1211 4217 1287 4279 1915
1307 4234 1369 4278 cm.
1393 4214 1425 4276 d.
1455 4233 1500 4275 m.

265 4337 414 4394 Praecedit
438 4339 488 4397 101.
514 4355 573 4395 non
598 4357 688 4410 num,
712 4343 742 4396 in
765 4356 824 4413 quo
848 4341 1055 4412 consignatum
1078 4348 1122 4397 est
1146 4343 1307 4412 registrum.
1333 4340 1364 4396 In
1389 4341 1492 4395 eodem
1509 4338 1558 4394 101.

153 4439 242 4480 verso
269 4423 393 4497 »Incipit
415 4427 598 4496 prohemium
622 4428 652 4483 in
675 4428 907 4484 constituciones
930 4427 1090 4484 Clementis
1113 4445 1187 4500 pape
1211 4429 1315 4499 quinti.
1332 4427 1483 4483 Johannes
1499 4424 1559 4497 epi-

155 4526 269 4582 scopus
299 4527 401 4568 servus
435 4527 584 4569 servorum
607 4517 671 4570 dei«
699 4512 738 4588 ><
766 4513 859 4570 »Data
882 4515 1026 4570 Avinione
1050 4513 1126 4572 XIII.
1151 4515 1209 4571 kal.
1240 4513 1316 4571 Nov.
1340 4513 1442 4586 pontii.
1467 4513 1558 4568 nostri

154 4613 235 4654 anno
259 4600 402 4654 secundo.
426 4597 562 4656 Clemens
585 4603 705 4671 quintus
728 4601 759 4656 in
783 4601 910 4657 concilio
932 4601 1125 4658 Viennensi«

260 4697 281 4758 1.
310 4699 430 4760 14-28
480 4699 670 4763 Clementis
705 4717 812 4780 papae
846 4701 877 4761 V
911 4701 1202 4765 constitutiones.
1249 4698 1422 4763 »Clemens
1457 4704 1557 4778 episc

149 4800 271 4846 servus
306 4801 390 4847 serv.
422 4787 473 4847 dei
493 4835 526 4850 ..
564 4788 753 4849 doctoribus
776 4795 809 4849 et
831 4789 1013 4850 scolaribus
1036 4788 1184 4851 Bononie
1209 4785 1496 4850 conmorantibus‹
1527 4783 1555 4849 ><

152 4870 385 4951 »pontificatus
416 4878 517 4935 nostri
549 4891 637 4936 anno
669 4876 826 4937 secundo
859 4873 1028 4938 Johannes
1059 4875 1175 4939 xxa«
1208 4873 1296 4952 (sic).
1328 4871 1482 4952 Sequitur
1503 4873 1557 4933 iol.

151 4975 220 5020 non
244 4975 346 5032 num,
370 4963 401 5020 in
425 4976 491 5038 quo
515 4977 612 5021 verso
637 4978 736 5023 manu
761 4966 928 5023 recentiori
952 4968 1064 5024 notata
1086 4965 1241 5024 occurrit:
1270 4959 1443 5023 iohannis
1465 4957 1558 5021 XXII

149 5044 369 5108 Constitutio
395 5047 575 5125 »Suscepti
598 5048 796 5126 regiminis«
822 5050 916 5110 dea.
941 5051 972 5110 d.
1000 5047 1083 5110 1369
1105 5049 1191 5127 (sic).

835 5271 885 5321 263
