<?xml version="1.0" encoding="UTF-8"?>
<!DOCTYPE html PUBLIC "-//W3C//DTD XHTML 1.0 Transitional//EN"
    "http://www.w3.org/TR/xhtml1/DTD/xhtml1-transitional.dtd">
<html xmlns="http://www.w3.org/1999/xhtml" xml:lang="en" lang="en">
 <head>
  <title>
</title>
<meta http-equiv="Content-Type" content="text/html;charset=utf-8" />
  <meta name='ocr-system' content='tesseract 3.04.00' />
  <meta name='ocr-capabilities' content='ocr_page ocr_carea ocr_par ocr_line ocrx_word'/>
</head>
<body>
  <div class='ocr_page' id='page_1' title='image "./cataloguscodicu03truhgoog_0364.png"; bbox 0 0 3820 5960; ppageno 0'>
   <div class='ocr_carea' id='block_1_1' title="bbox 941 577 1251 674">
    <p class='ocr_par' dir='ltr' id='par_1_1' title="bbox 941 577 1251 674">
     <span class='ocr_line' id='line_1_1' title="bbox 941 577 1251 674; baseline 0 0"><span class='ocrx_word' id='word_1_1' title='bbox 941 577 1251 674; x_wconf 52' lang='lat' dir='ltr'>Q...-</span> 
     </span>
    </p>
   </div>
   <div class='ocr_carea' id='block_1_2' title="bbox 394 779 1829 1036">
    <p class='ocr_par' dir='ltr' id='par_1_2' title="bbox 394 779 1829 1036">
     <span class='ocr_line' id='line_1_2' title="bbox 502 779 1793 864; baseline -0.006 -16"><span class='ocrx_word' id='word_1_2' title='bbox 502 787 522 848; x_wconf 90' lang='lat' dir='ltr'>l.</span> <span class='ocrx_word' id='word_1_3' title='bbox 546 783 748 850; x_wconf 63' lang='lat' dir='ltr'>mot-217·</span> <span class='ocrx_word' id='word_1_4' title='bbox 770 787 864 864; x_wconf 77' lang='lat' dir='ltr'>(quod</span> <span class='ocrx_word' id='word_1_5' title='bbox 888 797 931 845; x_wconf 84' lang='lat' dir='ltr'>est</span> <span class='ocrx_word' id='word_1_6' title='bbox 954 789 1093 861; x_wconf 88' lang='lat' dir='ltr'>operculo</span> <span class='ocrx_word' id='word_1_7' title='bbox 1117 787 1345 858; x_wconf 85' lang='lat' dir='ltr'>adglutinatum)</span> <span class='ocrx_word' id='word_1_8' title='bbox 1376 781 1522 844; x_wconf 84' lang='lat' dir='ltr'><strong>Antonii</strong></span> <span class='ocrx_word' id='word_1_9' title='bbox 1562 781 1605 844; x_wconf 84' lang='lat' dir='ltr'>de</span> <span class='ocrx_word' id='word_1_10' title='bbox 1644 779 1793 842; x_wconf 74' lang='lat' dir='ltr'>Lernaeo</span> 
     </span>
     <span class='ocr_line' id='line_1_3' title="bbox 394 867 1794 953; baseline -0.006 -17"><span class='ocrx_word' id='word_1_11' title='bbox 394 873 551 953; x_wconf 80' lang='lat' dir='ltr'><strong>Epistola</strong></span> <span class='ocrx_word' id='word_1_12' title='bbox 583 873 627 935; x_wconf 88' lang='lat' dir='ltr'>ad</span> <span class='ocrx_word' id='word_1_13' title='bbox 659 872 906 937; x_wconf 79' lang='lat' dir='ltr'>wenceslaum</span> <span class='ocrx_word' id='word_1_14' title='bbox 939 870 986 934; x_wconf 94' lang='lat' dir='ltr'>1v</span> <span class='ocrx_word' id='word_1_15' title='bbox 1015 887 1131 950; x_wconf 86' lang='lat' dir='ltr'>regem</span> <span class='ocrx_word' id='word_1_16' title='bbox 1163 870 1240 932; x_wconf 89' lang='lat' dir='ltr'>data</span> <span class='ocrx_word' id='word_1_17' title='bbox 1272 867 1422 932; x_wconf 83' lang='lat' dir='ltr'>Veronae</span> <span class='ocrx_word' id='word_1_18' title='bbox 1457 870 1508 930; x_wconf 91' lang='lat' dir='ltr'>die</span> <span class='ocrx_word' id='word_1_19' title='bbox 1543 867 1647 930; x_wconf 90' lang='lat' dir='ltr'>XXIV</span> <span class='ocrx_word' id='word_1_20' title='bbox 1669 871 1794 929; x_wconf 84' lang='lat' dir='ltr'>mensis</span> 
     </span>
     <span class='ocr_line' id='line_1_4' title="bbox 394 952 1829 1036; baseline -0.006 -14"><span class='ocrx_word' id='word_1_21' title='bbox 394 959 555 1022; x_wconf 83' lang='lat' dir='ltr'><strong>Octobris,</strong></span> <span class='ocrx_word' id='word_1_22' title='bbox 579 959 740 1036; x_wconf 86' lang='lat' dir='ltr'>(Eandem</span> <span class='ocrx_word' id='word_1_23' title='bbox 764 960 870 1022; x_wconf 90' lang='lat' dir='ltr'>ecod.</span> <span class='ocrx_word' id='word_1_24' title='bbox 894 957 923 1020; x_wconf 86' lang='lat' dir='ltr'>T</span> <span class='ocrx_word' id='word_1_25' title='bbox 925 953 1099 1020; x_wconf 77' lang='lat' dir='ltr'>iebonensi</span> <span class='ocrx_word' id='word_1_26' title='bbox 1122 956 1206 1018; x_wconf 84' lang='lat' dir='ltr'>adid.</span> <span class='ocrx_word' id='word_1_27' title='bbox 1231 953 1383 1035; x_wconf 59' lang='lat' dir='ltr'>Pascit,</span> <span class='ocrx_word' id='word_1_28' title='bbox 1408 954 1661 1018; x_wconf 88' lang='lat' dir='ltr'>Formelbiicher</span> <span class='ocrx_word' id='word_1_29' title='bbox 1675 953 1709 1020; x_wconf 91' lang='lat' dir='ltr'>ll.</span> <span class='ocrx_word' id='word_1_30' title='bbox 1726 952 1794 1026; x_wconf 66' lang='lat'>34.)</span> <span class='ocrx_word' id='word_1_31' title='bbox 1825 987 1829 993; x_wconf 92' lang='lat'>-</span> 
     </span>
    </p>
   </div>
   <div class='ocr_carea' id='block_1_3' title="bbox 503 1083 807 1155">
    <p class='ocr_par' dir='ltr' id='par_1_3' title="bbox 503 1083 807 1155">
     <span class='ocr_line' id='line_1_5' title="bbox 503 1083 807 1155; baseline 0.003 -15"><span class='ocrx_word' id='word_1_32' title='bbox 503 1084 596 1140; x_wconf 85' lang='lat' dir='ltr'>Vetus</span> <span class='ocrx_word' id='word_1_33' title='bbox 619 1087 694 1155; x_wconf 86' lang='lat' dir='ltr'>sign.</span> <span class='ocrx_word' id='word_1_34' title='bbox 719 1083 753 1146; x_wconf 88' lang='lat' dir='ltr'>G.</span> <span class='ocrx_word' id='word_1_35' title='bbox 780 1085 807 1142; x_wconf 83' lang='lat'>2.</span> 
     </span>
    </p>
   </div>
   <div class='ocr_carea' id='block_1_4' title="bbox 396 1267 1737 1492">
    <p class='ocr_par' dir='ltr' id='par_1_4' title="bbox 396 1267 1737 1492">
     <span class='ocr_line' id='line_1_6' title="bbox 499 1267 1369 1352; baseline -0.023 0"><span class='ocrx_word' id='word_1_36' title='bbox 499 1270 580 1352; x_wconf 81' lang='grc'>832</span> <span class='ocrx_word' id='word_1_37' title='bbox 873 1269 913 1344; x_wconf 94' lang='lat' dir='ltr'>V.</span> <span class='ocrx_word' id='word_1_38' title='bbox 943 1267 986 1342; x_wconf 87' lang='lat' dir='ltr'>B.</span> <span class='ocrx_word' id='word_1_39' title='bbox 1019 1269 1079 1344; x_wconf 82' lang='lat'>15.</span> <span class='ocrx_word' id='word_1_40' title='bbox 1109 1283 1154 1348; x_wconf 75' lang='lat' dir='ltr'>(Y.</span> <span class='ocrx_word' id='word_1_41' title='bbox 1174 1283 1209 1336; x_wconf 74' lang='grc' dir='ltr'>ιι.</span> <span class='ocrx_word' id='word_1_42' title='bbox 1230 1285 1252 1334; x_wconf 88' lang='lat' dir='ltr'>r.</span> <span class='ocrx_word' id='word_1_43' title='bbox 1272 1299 1297 1336; x_wconf 79' lang='lat' dir='ltr'>n.</span> <span class='ocrx_word' id='word_1_44' title='bbox 1316 1283 1369 1348; x_wconf 79' lang='lat' dir='ltr'>n.)</span> 
     </span>
     <span class='ocr_line' id='line_1_7' title="bbox 396 1405 1737 1492; baseline -0.003 -20"><span class='ocrx_word' id='word_1_45' title='bbox 396 1411 504 1472; x_wconf 80' lang='lat' dir='ltr'><em>chart.</em></span> <span class='ocrx_word' id='word_1_46' title='bbox 528 1427 588 1473; x_wconf 83' lang='lat' dir='ltr'>cca</span> <span class='ocrx_word' id='word_1_47' title='bbox 610 1428 644 1470; x_wconf 87' lang='grc' dir='ltr'>α.</span> <span class='ocrx_word' id='word_1_48' title='bbox 666 1409 753 1471; x_wconf 84' lang='grc'><strong><em>1442</em></strong></span> <span class='ocrx_word' id='word_1_49' title='bbox 763 1409 810 1492; x_wconf 89' lang='lat' dir='ltr'>ff.</span> <span class='ocrx_word' id='word_1_50' title='bbox 832 1409 898 1471; x_wconf 81' lang='lat'>268</span> <span class='ocrx_word' id='word_1_51' title='bbox 919 1426 1023 1482; x_wconf 71' lang='lat' dir='ltr'>mim„</span> <span class='ocrx_word' id='word_1_52' title='bbox 1046 1409 1166 1470; x_wconf 83' lang='lat'><em>28·5&gt;&lt;</em></span> <span class='ocrx_word' id='word_1_53' title='bbox 1185 1407 1225 1469; x_wconf 87' lang='lat'>21</span> <span class='ocrx_word' id='word_1_54' title='bbox 1252 1424 1315 1469; x_wconf 87' lang='lat' dir='ltr'>cm.</span> <span class='ocrx_word' id='word_1_55' title='bbox 1340 1407 1371 1467; x_wconf 87' lang='lat' dir='ltr'>d.</span> <span class='ocrx_word' id='word_1_56' title='bbox 1387 1423 1444 1479; x_wconf 77' lang='lat' dir='ltr'>m..</span> <span class='ocrx_word' id='word_1_57' title='bbox 1468 1422 1544 1467; x_wconf 85' lang='lat' dir='ltr'>cnm</span> <span class='ocrx_word' id='word_1_58' title='bbox 1568 1405 1639 1466; x_wconf 86' lang='lat' dir='ltr'>init.</span> <span class='ocrx_word' id='word_1_59' title='bbox 1657 1405 1737 1484; x_wconf 77' lang='lat' dir='ltr'>pict.</span> 
     </span>
    </p>
   </div>
   <div class='ocr_carea' id='block_1_5' title="bbox 395 1542 1794 1872">
    <p class='ocr_par' dir='ltr' id='par_1_5' title="bbox 395 1542 1794 1872">
     <span class='ocr_line' id='line_1_8' title="bbox 503 1542 1794 1623; baseline -0.005 -12"><span class='ocrx_word' id='word_1_60' title='bbox 503 1549 523 1610; x_wconf 90' lang='lat' dir='ltr'>l.</span> <span class='ocrx_word' id='word_1_61' title='bbox 551 1547 689 1611; x_wconf 69' lang='lat'>12-752</span> <span class='ocrx_word' id='word_1_62' title='bbox 720 1545 895 1610; x_wconf 75' lang='lat' dir='ltr'>iohannis</span> <span class='ocrx_word' id='word_1_63' title='bbox 930 1547 972 1608; x_wconf 91' lang='lat' dir='ltr'>de</span> <span class='ocrx_word' id='word_1_64' title='bbox 1003 1545 1104 1620; x_wconf 80' lang='lat' dir='ltr'>ilisa,</span> <span class='ocrx_word' id='word_1_65' title='bbox 1135 1546 1223 1623; x_wconf 91' lang='lat' dir='ltr'>pleb.</span> <span class='ocrx_word' id='word_1_66' title='bbox 1254 1545 1297 1607; x_wconf 89' lang='lat' dir='ltr'>ad</span> <span class='ocrx_word' id='word_1_67' title='bbox 1327 1562 1356 1607; x_wconf 91' lang='lat' dir='ltr'>s.</span> <span class='ocrx_word' id='word_1_68' title='bbox 1380 1543 1518 1606; x_wconf 88' lang='lat' dir='ltr'>Gallum</span> <span class='ocrx_word' id='word_1_69' title='bbox 1551 1542 1692 1622; x_wconf 85' lang='lat' dir='ltr'>Pragae,</span> <span class='ocrx_word' id='word_1_70' title='bbox 1714 1543 1794 1605; x_wconf 82' lang='lat' dir='ltr'>Tra·</span> 
     </span>
     <span class='ocr_line' id='line_1_9' title="bbox 395 1628 1792 1699; baseline -0.006 -1"><span class='ocrx_word' id='word_1_71' title='bbox 395 1641 510 1699; x_wconf 86' lang='lat' dir='ltr'>ctatus</span> <span class='ocrx_word' id='word_1_72' title='bbox 534 1636 575 1699; x_wconf 91' lang='lat' dir='ltr'>de</span> <span class='ocrx_word' id='word_1_73' title='bbox 599 1638 722 1696; x_wconf 90' lang='lat' dir='ltr'>ornato</span> <span class='ocrx_word' id='word_1_74' title='bbox 746 1635 850 1696; x_wconf 91' lang='lat' dir='ltr'>modo</span> <span class='ocrx_word' id='word_1_75' title='bbox 873 1631 1052 1695; x_wconf 89' lang='lat' dir='ltr'>moriendi.</span> <span class='ocrx_word' id='word_1_76' title='bbox 1101 1631 1236 1694; x_wconf 74' lang='lat' dir='ltr'>»Vener</span> <span class='ocrx_word' id='word_1_77' title='bbox 1266 1636 1337 1693; x_wconf 87' lang='lat' dir='ltr'>viro</span> <span class='ocrx_word' id='word_1_78' title='bbox 1363 1629 1525 1692; x_wconf 88' lang='lat' dir='ltr'>Hemoldo</span> <span class='ocrx_word' id='word_1_79' title='bbox 1548 1628 1792 1692; x_wconf 87' lang='lat' dir='ltr'>Glendenstede</span> 
     </span>
     <span class='ocr_line' id='line_1_10' title="bbox 395 1716 1792 1784; baseline -0.005 0"><span class='ocrx_word' id='word_1_80' title='bbox 395 1725 435 1784; x_wconf 92' lang='lat' dir='ltr'>de</span> <span class='ocrx_word' id='word_1_81' title='bbox 459 1722 645 1784; x_wconf 80' lang='lat' dir='ltr'>Zoltwedil‹</span> <span class='ocrx_word' id='word_1_82' title='bbox 673 1723 705 1778; x_wconf 91' lang='grc'>&gt;&lt;</span> <span class='ocrx_word' id='word_1_83' title='bbox 730 1721 788 1782; x_wconf 81' lang='grc' dir='ltr'>»Α.</span> <span class='ocrx_word' id='word_1_84' title='bbox 820 1721 849 1782; x_wconf 93' lang='lat' dir='ltr'>d.</span> <span class='ocrx_word' id='word_1_85' title='bbox 884 1718 967 1782; x_wconf 82' lang='lat'>1442</span> <span class='ocrx_word' id='word_1_86' title='bbox 999 1719 1111 1780; x_wconf 86' lang='lat' dir='ltr'>linitus</span> <span class='ocrx_word' id='word_1_87' title='bbox 1142 1719 1194 1781; x_wconf 93' lang='lat' dir='ltr'>hic</span> <span class='ocrx_word' id='word_1_88' title='bbox 1224 1723 1380 1781; x_wconf 84' lang='lat' dir='ltr'>tractatus</span> <span class='ocrx_word' id='word_1_89' title='bbox 1400 1767 1407 1782; x_wconf 94' lang='lat'>.</span> <span class='ocrx_word' id='word_1_90' title='bbox 1426 1765 1434 1779; x_wconf 97' lang='lat'>.</span> <span class='ocrx_word' id='word_1_91' title='bbox 1454 1762 1461 1779; x_wconf 94' lang='lat'>.</span> <span class='ocrx_word' id='word_1_92' title='bbox 1481 1723 1534 1778; x_wconf 88' lang='lat' dir='ltr'>est</span> <span class='ocrx_word' id='word_1_93' title='bbox 1556 1716 1604 1779; x_wconf 92' lang='lat' dir='ltr'>lll.</span> <span class='ocrx_word' id='word_1_94' title='bbox 1637 1716 1693 1778; x_wconf 90' lang='lat' dir='ltr'>ier.</span> <span class='ocrx_word' id='word_1_95' title='bbox 1718 1725 1792 1779; x_wconf 89' lang='lat' dir='ltr'>ante</span> 
     </span>
     <span class='ocr_line' id='line_1_11' title="bbox 395 1805 1273 1872; baseline -0.006 -1"><span class='ocrx_word' id='word_1_96' title='bbox 395 1809 514 1871; x_wconf 85' lang='lat' dir='ltr'>festum</span> <span class='ocrx_word' id='word_1_97' title='bbox 539 1827 566 1872; x_wconf 93' lang='lat' dir='ltr'>s.</span> <span class='ocrx_word' id='word_1_98' title='bbox 590 1808 673 1870; x_wconf 89' lang='lat' dir='ltr'>Petri</span> <span class='ocrx_word' id='word_1_99' title='bbox 695 1808 737 1868; x_wconf 91' lang='lat' dir='ltr'>ad</span> <span class='ocrx_word' id='word_1_100' title='bbox 760 1807 918 1868; x_wconf 82' lang='lat' dir='ltr'>vincula«</span> <span class='ocrx_word' id='word_1_101' title='bbox 949 1805 983 1868; x_wconf 89' lang='lat' dir='ltr'>F.</span> <span class='ocrx_word' id='word_1_102' title='bbox 1008 1805 1136 1866; x_wconf 80' lang='grc'>76-79</span> <span class='ocrx_word' id='word_1_103' title='bbox 1158 1821 1273 1866; x_wconf 87' lang='lat' dir='ltr'>vacua.</span> 
     </span>
    </p>
   </div>
   <div class='ocr_carea' id='block_1_6' title="bbox 396 1923 1792 2183">
    <p class='ocr_par' dir='ltr' id='par_1_6' title="bbox 396 1923 1792 2183">
     <span class='ocr_line' id='line_1_12' title="bbox 502 1923 1792 2006; baseline -0.005 -15"><span class='ocrx_word' id='word_1_104' title='bbox 502 1930 522 1993; x_wconf 87' lang='lat' dir='ltr'>l.</span> <span class='ocrx_word' id='word_1_105' title='bbox 545 1928 729 1992; x_wconf 69' lang='lat'>802—107·</span> <span class='ocrx_word' id='word_1_106' title='bbox 752 1929 786 1992; x_wconf 93' lang='lat' dir='ltr'>S.</span> <span class='ocrx_word' id='word_1_107' title='bbox 808 1926 980 2005; x_wconf 86' lang='lat' dir='ltr'>Ephraem</span> <span class='ocrx_word' id='word_1_108' title='bbox 1010 1926 1090 2006; x_wconf 88' lang='lat' dir='ltr'>Syri</span> <span class='ocrx_word' id='word_1_109' title='bbox 1126 1927 1299 1990; x_wconf 86' lang='lat' dir='ltr'>Humiliae</span> <span class='ocrx_word' id='word_1_110' title='bbox 1322 1932 1466 2004; x_wconf 84' lang='lat' dir='ltr'>septem.</span> <span class='ocrx_word' id='word_1_111' title='bbox 1493 1923 1622 1986; x_wconf 85' lang='lat' dir='ltr'>»Gloria</span> <span class='ocrx_word' id='word_1_112' title='bbox 1645 1928 1792 2004; x_wconf 89' lang='lat' dir='ltr'>omnipo·</span> 
     </span>
     <span class='ocr_line' id='line_1_13' title="bbox 396 2013 1792 2094; baseline -0.007 -16"><span class='ocrx_word' id='word_1_113' title='bbox 396 2021 472 2079; x_wconf 90' lang='lat' dir='ltr'>tenti</span> <span class='ocrx_word' id='word_1_114' title='bbox 503 2018 585 2078; x_wconf 83' lang='lat' dir='ltr'>deo«</span> <span class='ocrx_word' id='word_1_115' title='bbox 611 2017 643 2074; x_wconf 93' lang='lat'>&gt;&lt;</span> <span class='ocrx_word' id='word_1_116' title='bbox 669 2015 872 2094; x_wconf 85' lang='lat' dir='ltr'>»Expliciunt</span> <span class='ocrx_word' id='word_1_117' title='bbox 906 2015 1021 2076; x_wconf 84' lang='lat' dir='ltr'>omelia</span> <span class='ocrx_word' id='word_1_118' title='bbox 1055 2013 1178 2075; x_wconf 77' lang='lat' dir='ltr'>Effrem</span> <span class='ocrx_word' id='word_1_119' title='bbox 1210 2015 1348 2088; x_wconf 78' lang='lat' dir='ltr'>abbatia,</span> <span class='ocrx_word' id='word_1_120' title='bbox 1388 2030 1450 2092; x_wconf 92' lang='lat' dir='ltr'>que</span> <span class='ocrx_word' id='word_1_121' title='bbox 1483 2017 1560 2073; x_wconf 90' lang='lat' dir='ltr'>sunt</span> <span class='ocrx_word' id='word_1_122' title='bbox 1589 2016 1621 2072; x_wconf 90' lang='lat' dir='ltr'>in</span> <span class='ocrx_word' id='word_1_123' title='bbox 1656 2027 1792 2072; x_wconf 84' lang='lat' dir='ltr'>numero</span> 
     </span>
     <span class='ocr_line' id='line_1_14' title="bbox 396 2099 1299 2183; baseline -0.006 -17"><span class='ocrx_word' id='word_1_124' title='bbox 396 2110 532 2183; x_wconf 86' lang='lat' dir='ltr'>septem,</span> <span class='ocrx_word' id='word_1_125' title='bbox 555 2103 644 2164; x_wconf 86' lang='lat' dir='ltr'>finite</span> <span class='ocrx_word' id='word_1_126' title='bbox 667 2106 698 2163; x_wconf 90' lang='lat' dir='ltr'>in</span> <span class='ocrx_word' id='word_1_127' title='bbox 722 2101 773 2162; x_wconf 91' lang='lat' dir='ltr'>die</span> <span class='ocrx_word' id='word_1_128' title='bbox 797 2119 842 2164; x_wconf 82' lang='lat' dir='ltr'>ss,</span> <span class='ocrx_word' id='word_1_129' title='bbox 867 2099 1022 2162; x_wconf 87' lang='lat' dir='ltr'>Gordiani</span> <span class='ocrx_word' id='word_1_130' title='bbox 1046 2106 1079 2162; x_wconf 89' lang='lat' dir='ltr'>et</span> <span class='ocrx_word' id='word_1_131' title='bbox 1101 2100 1299 2180; x_wconf 84' lang='lat' dir='ltr'>Epimachi.«</span> 
     </span>
    </p>
   </div>
   <div class='ocr_carea' id='block_1_7' title="bbox 394 2217 1793 2562">
    <p class='ocr_par' dir='ltr' id='par_1_7' title="bbox 394 2217 1793 2562">
     <span class='ocr_line' id='line_1_15' title="bbox 503 2217 1792 2302; baseline -0.002 -17"><span class='ocrx_word' id='word_1_132' title='bbox 503 2223 523 2285; x_wconf 87' lang='lat' dir='ltr'>l.</span> <span class='ocrx_word' id='word_1_133' title='bbox 551 2221 755 2285; x_wconf 64' lang='lat'>1072-1672</span> <span class='ocrx_word' id='word_1_134' title='bbox 777 2222 935 2301; x_wconf 82' lang='lat' dir='ltr'>lingonis</span> <span class='ocrx_word' id='word_1_135' title='bbox 965 2224 1008 2285; x_wconf 91' lang='lat' dir='ltr'>de</span> <span class='ocrx_word' id='word_1_136' title='bbox 1038 2223 1071 2285; x_wconf 89' lang='lat' dir='ltr'>S.</span> <span class='ocrx_word' id='word_1_137' title='bbox 1095 2221 1237 2286; x_wconf 89' lang='lat' dir='ltr'>Victore</span> <span class='ocrx_word' id='word_1_138' title='bbox 1267 2227 1343 2298; x_wconf 84' lang='lat' dir='ltr'>&lt;seu</span> <span class='ocrx_word' id='word_1_139' title='bbox 1375 2227 1484 2302; x_wconf 89' lang='lat' dir='ltr'>potius</span> <span class='ocrx_word' id='word_1_140' title='bbox 1507 2220 1549 2284; x_wconf 88' lang='lat' dir='ltr'>de</span> <span class='ocrx_word' id='word_1_141' title='bbox 1572 2217 1721 2300; x_wconf 86' lang='lat' dir='ltr'>Folieto)</span> <span class='ocrx_word' id='word_1_142' title='bbox 1743 2219 1792 2283; x_wconf 87' lang='lat' dir='ltr'>De</span> 
     </span>
     <span class='ocr_line' id='line_1_16' title="bbox 394 2307 1791 2390; baseline -0.004 -14"><span class='ocrx_word' id='word_1_143' title='bbox 394 2310 549 2376; x_wconf 84' lang='lat' dir='ltr'>claustro</span> <span class='ocrx_word' id='word_1_144' title='bbox 572 2311 708 2372; x_wconf 87' lang='lat' dir='ltr'>animae</span> <span class='ocrx_word' id='word_1_145' title='bbox 737 2308 815 2371; x_wconf 81' lang='lat' dir='ltr'>libri</span> <span class='ocrx_word' id='word_1_146' title='bbox 845 2307 901 2371; x_wconf 87' lang='lat' dir='ltr'>lv.</span> <span class='ocrx_word' id='word_1_147' title='bbox 934 2308 1086 2390; x_wconf 85' lang='lat' dir='ltr'>»Rogasti</span> <span class='ocrx_word' id='word_1_148' title='bbox 1117 2327 1190 2384; x_wconf 68' lang='lat' dir='ltr'>nos</span> <span class='ocrx_word' id='word_1_149' title='bbox 1222 2309 1320 2371; x_wconf 88' lang='lat' dir='ltr'>frater</span> <span class='ocrx_word' id='word_1_150' title='bbox 1349 2313 1594 2371; x_wconf 85' lang='lat' dir='ltr'>amantissime«</span> <span class='ocrx_word' id='word_1_151' title='bbox 1620 2307 1653 2363; x_wconf 91' lang='lat'>&gt;&lt;</span> <span class='ocrx_word' id='word_1_152' title='bbox 1680 2307 1791 2388; x_wconf 86' lang='lat' dir='ltr'>›Expl</span> 
     </span>
     <span class='ocr_line' id='line_1_17' title="bbox 395 2393 1793 2478; baseline -0.001 -20"><span class='ocrx_word' id='word_1_153' title='bbox 395 2398 482 2468; x_wconf 89' lang='lat' dir='ltr'>liber,</span> <span class='ocrx_word' id='word_1_154' title='bbox 507 2401 561 2478; x_wconf 91' lang='lat' dir='ltr'>qui</span> <span class='ocrx_word' id='word_1_155' title='bbox 584 2397 759 2459; x_wconf 86' lang='lat' dir='ltr'><strong>intitulatur</strong></span> <span class='ocrx_word' id='word_1_156' title='bbox 782 2395 967 2459; x_wconf 89' lang='lat' dir='ltr'>Claustrum</span> <span class='ocrx_word' id='word_1_157' title='bbox 992 2401 1099 2458; x_wconf 91' lang='lat' dir='ltr'>anime</span> <span class='ocrx_word' id='word_1_158' title='bbox 1122 2395 1209 2474; x_wconf 86' lang='lat' dir='ltr'><strong>Mag.</strong></span> <span class='ocrx_word' id='word_1_159' title='bbox 1234 2394 1273 2458; x_wconf 88' lang='lat' dir='ltr'>H.</span> <span class='ocrx_word' id='word_1_160' title='bbox 1299 2396 1339 2457; x_wconf 91' lang='lat' dir='ltr'>de</span> <span class='ocrx_word' id='word_1_161' title='bbox 1363 2394 1395 2458; x_wconf 89' lang='lat' dir='ltr'>S.</span> <span class='ocrx_word' id='word_1_162' title='bbox 1421 2393 1513 2457; x_wconf 94' lang='lat' dir='ltr'>V...</span> <span class='ocrx_word' id='word_1_163' title='bbox 1534 2443 1541 2458; x_wconf 91' lang='lat'>.</span> <span class='ocrx_word' id='word_1_164' title='bbox 1572 2402 1714 2476; x_wconf 88' lang='lat' dir='ltr'>scriptus</span> <span class='ocrx_word' id='word_1_165' title='bbox 1737 2413 1793 2476; x_wconf 89' lang='lat' dir='ltr'>per</span> 
     </span>
     <span class='ocr_line' id='line_1_18' title="bbox 395 2481 1499 2562; baseline -0.003 -17"><span class='ocrx_word' id='word_1_166' title='bbox 395 2501 447 2545; x_wconf 95' lang='lat' dir='ltr'>me</span> <span class='ocrx_word' id='word_1_167' title='bbox 471 2484 507 2545; x_wconf 87' lang='lat' dir='ltr'>fr.</span> <span class='ocrx_word' id='word_1_168' title='bbox 531 2482 736 2546; x_wconf 88' lang='lat' dir='ltr'>Michaelem</span> <span class='ocrx_word' id='word_1_169' title='bbox 758 2482 897 2562; x_wconf 88' lang='lat' dir='ltr'>Reyche</span> <span class='ocrx_word' id='word_1_170' title='bbox 921 2483 1012 2544; x_wconf 85' lang='lat' dir='ltr'>sabb.</span> <span class='ocrx_word' id='word_1_171' title='bbox 1037 2487 1112 2543; x_wconf 87' lang='lat' dir='ltr'>ante</span> <span class='ocrx_word' id='word_1_172' title='bbox 1136 2483 1333 2544; x_wconf 86' lang='lat' dir='ltr'>dominicam</span> <span class='ocrx_word' id='word_1_173' title='bbox 1357 2481 1499 2543; x_wconf 66' lang='lat' dir='ltr'>Laetare«</span> 
     </span>
    </p>
   </div>
   <div class='ocr_carea' id='block_1_8' title="bbox 395 2601 1792 2856">
    <p class='ocr_par' dir='ltr' id='par_1_8' title="bbox 395 2601 1792 2856">
     <span class='ocr_line' id='line_1_19' title="bbox 503 2601 1791 2678; baseline 0 -13"><span class='ocrx_word' id='word_1_174' title='bbox 503 2604 523 2665; x_wconf 89' lang='lat' dir='ltr'>l.</span> <span class='ocrx_word' id='word_1_175' title='bbox 558 2601 760 2666; x_wconf 70' lang='lat' dir='ltr'>168⁸-221b</span> <span class='ocrx_word' id='word_1_176' title='bbox 794 2607 959 2678; x_wconf 86' lang='lat' dir='ltr'>(inscriptio</span> <span class='ocrx_word' id='word_1_177' title='bbox 997 2607 1087 2662; x_wconf 84' lang='lat' dir='ltr'>l&#39;alsa:</span> <span class='ocrx_word' id='word_1_178' title='bbox 1129 2605 1315 2662; x_wconf 85' lang='lat' dir='ltr'>»Claustrum</span> <span class='ocrx_word' id='word_1_179' title='bbox 1357 2607 1488 2677; x_wconf 82' lang='lat' dir='ltr'>anime«)</span> <span class='ocrx_word' id='word_1_180' title='bbox 1530 2603 1714 2667; x_wconf 74' lang='lat' dir='ltr'>tractatus</span> <span class='ocrx_word' id='word_1_181' title='bbox 1750 2605 1791 2665; x_wconf 82' lang='lat' dir='ltr'>de</span> 
     </span>
     <span class='ocr_line' id='line_1_20' title="bbox 396 2688 1792 2769; baseline -0.001 -16"><span class='ocrx_word' id='word_1_182' title='bbox 396 2691 499 2753; x_wconf 80' lang='lat' dir='ltr'>domo</span> <span class='ocrx_word' id='word_1_183' title='bbox 533 2689 691 2753; x_wconf 88' lang='lat' dir='ltr'>interiori</span> <span class='ocrx_word' id='word_1_184' title='bbox 722 2689 899 2752; x_wconf 80' lang='lat' dir='ltr'>fundanda</span> <span class='ocrx_word' id='word_1_185' title='bbox 933 2688 1094 2768; x_wconf 87' lang='lat' dir='ltr'>(Davidls</span> <span class='ocrx_word' id='word_1_186' title='bbox 1125 2691 1166 2753; x_wconf 89' lang='lat' dir='ltr'>de</span> <span class='ocrx_word' id='word_1_187' title='bbox 1189 2689 1393 2769; x_wconf 86' lang='lat' dir='ltr'>Augustai).</span> <span class='ocrx_word' id='word_1_188' title='bbox 1432 2689 1591 2752; x_wconf 82' lang='lat' dir='ltr'>»Domine</span> <span class='ocrx_word' id='word_1_189' title='bbox 1617 2692 1714 2753; x_wconf 87' lang='lat' dir='ltr'>dilexi</span> <span class='ocrx_word' id='word_1_190' title='bbox 1738 2692 1792 2751; x_wconf 89' lang='lat' dir='ltr'>de-</span> 
     </span>
     <span class='ocr_line' id='line_1_21' title="bbox 395 2777 1526 2856; baseline -0.002 -17"><span class='ocrx_word' id='word_1_191' title='bbox 395 2795 503 2839; x_wconf 92' lang='lat' dir='ltr'>corem</span> <span class='ocrx_word' id='word_1_192' title='bbox 528 2778 648 2839; x_wconf 89' lang='lat' dir='ltr'>domus</span> <span class='ocrx_word' id='word_1_193' title='bbox 672 2783 743 2838; x_wconf 80' lang='lat' dir='ltr'>tue«</span> <span class='ocrx_word' id='word_1_194' title='bbox 771 2781 802 2834; x_wconf 80' lang='lat'>&gt;&lt;</span> <span class='ocrx_word' id='word_1_195' title='bbox 829 2793 889 2838; x_wconf 83' lang='lat' dir='ltr'>»ex</span> <span class='ocrx_word' id='word_1_196' title='bbox 912 2777 975 2838; x_wconf 92' lang='lat' dir='ltr'>hoc</span> <span class='ocrx_word' id='word_1_197' title='bbox 998 2793 1086 2839; x_wconf 92' lang='lat' dir='ltr'>nunc</span> <span class='ocrx_word' id='word_1_198' title='bbox 1110 2782 1142 2838; x_wconf 89' lang='lat' dir='ltr'>et</span> <span class='ocrx_word' id='word_1_199' title='bbox 1165 2793 1270 2856; x_wconf 88' lang='lat' dir='ltr'>usque</span> <span class='ocrx_word' id='word_1_200' title='bbox 1293 2780 1325 2838; x_wconf 93' lang='lat' dir='ltr'>in</span> <span class='ocrx_word' id='word_1_201' title='bbox 1349 2778 1526 2838; x_wconf 82' lang='lat' dir='ltr'>seculum«</span> 
     </span>
    </p>
   </div>
   <div class='ocr_carea' id='block_1_9' title="bbox 392 2891 1793 3151">
    <p class='ocr_par' dir='ltr' id='par_1_9' title="bbox 392 2891 1793 3151">
     <span class='ocr_line' id='line_1_22' title="bbox 502 2891 1793 2975; baseline -0.001 -16"><span class='ocrx_word' id='word_1_202' title='bbox 502 2897 522 2959; x_wconf 89' lang='lat' dir='ltr'>i.</span> <span class='ocrx_word' id='word_1_203' title='bbox 546 2891 750 2959; x_wconf 54' lang='lat' dir='ltr'>2215—227t</span> <span class='ocrx_word' id='word_1_204' title='bbox 779 2895 866 2975; x_wconf 88' lang='lat' dir='ltr'>Mag.</span> <span class='ocrx_word' id='word_1_205' title='bbox 888 2896 1030 2960; x_wconf 84' lang='lat' dir='ltr'>Hemici</span> <span class='ocrx_word' id='word_1_206' title='bbox 1053 2899 1095 2960; x_wconf 90' lang='lat' dir='ltr'>de</span> <span class='ocrx_word' id='word_1_207' title='bbox 1119 2895 1247 2959; x_wconf 74' lang='lat' dir='ltr'>Hassis</span> <span class='ocrx_word' id='word_1_208' title='bbox 1270 2896 1456 2974; x_wconf 85' lang='lat' dir='ltr'>Speculum</span> <span class='ocrx_word' id='word_1_209' title='bbox 1478 2897 1627 2960; x_wconf 87' lang='lat' dir='ltr'>animae.</span> <span class='ocrx_word' id='word_1_210' title='bbox 1653 2898 1793 2960; x_wconf 84' lang='lat' dir='ltr'>»Anima</span> 
     </span>
     <span class='ocr_line' id='line_1_23' title="bbox 392 2982 1792 3064; baseline 0 -18"><span class='ocrx_word' id='word_1_211' title='bbox 392 3002 478 3060; x_wconf 88' lang='lat' dir='ltr'>mea,</span> <span class='ocrx_word' id='word_1_212' title='bbox 501 2989 576 3046; x_wconf 90' lang='lat' dir='ltr'>novi</span> <span class='ocrx_word' id='word_1_213' title='bbox 606 2985 694 3062; x_wconf 89' lang='lat' dir='ltr'>quod</span> <span class='ocrx_word' id='word_1_214' title='bbox 728 2987 858 3045; x_wconf 88' lang='lat' dir='ltr'>curiosa</span> <span class='ocrx_word' id='word_1_215' title='bbox 880 2986 946 3044; x_wconf 83' lang='lat' dir='ltr'>sis«</span> <span class='ocrx_word' id='word_1_216' title='bbox 972 2985 1004 3042; x_wconf 91' lang='grc'>&gt;&lt;</span> <span class='ocrx_word' id='word_1_217' title='bbox 1031 2983 1142 3064; x_wconf 88' lang='lat' dir='ltr'>›Expl</span> <span class='ocrx_word' id='word_1_218' title='bbox 1167 3001 1255 3063; x_wconf 91' lang='lat' dir='ltr'>spec.</span> <span class='ocrx_word' id='word_1_219' title='bbox 1286 2989 1393 3045; x_wconf 88' lang='lat' dir='ltr'>anime</span> <span class='ocrx_word' id='word_1_220' title='bbox 1417 2983 1461 3045; x_wconf 90' lang='lat' dir='ltr'>M.</span> <span class='ocrx_word' id='word_1_221' title='bbox 1485 2982 1524 3045; x_wconf 85' lang='lat' dir='ltr'>H.</span> <span class='ocrx_word' id='word_1_222' title='bbox 1550 2985 1591 3046; x_wconf 92' lang='lat' dir='ltr'>de</span> <span class='ocrx_word' id='word_1_223' title='bbox 1614 2983 1654 3046; x_wconf 89' lang='lat' dir='ltr'>H.</span> <span class='ocrx_word' id='word_1_224' title='bbox 1680 2989 1712 3045; x_wconf 91' lang='lat' dir='ltr'>in</span> <span class='ocrx_word' id='word_1_225' title='bbox 1741 2985 1792 3046; x_wconf 89' lang='lat' dir='ltr'>die</span> 
     </span>
     <span class='ocr_line' id='line_1_24' title="bbox 395 3069 1791 3151; baseline -0.001 -19"><span class='ocrx_word' id='word_1_226' title='bbox 395 3071 615 3133; x_wconf 89' lang='lat' dir='ltr'>dedicacionis</span> <span class='ocrx_word' id='word_1_227' title='bbox 637 3070 885 3151; x_wconf 85' lang='lat' dir='ltr'>Zyttaviensis.‹</span> <span class='ocrx_word' id='word_1_228' title='bbox 923 3069 1075 3151; x_wconf 90' lang='lat' dir='ltr'>Sequitur</span> <span class='ocrx_word' id='word_1_229' title='bbox 1097 3075 1270 3149; x_wconf 83' lang='lat' dir='ltr'>registrum</span> <span class='ocrx_word' id='word_1_230' title='bbox 1293 3077 1449 3132; x_wconf 88' lang='lat' dir='ltr'>tractatus</span> <span class='ocrx_word' id='word_1_231' title='bbox 1472 3077 1503 3132; x_wconf 92' lang='lat' dir='ltr'>in</span> <span class='ocrx_word' id='word_1_232' title='bbox 1527 3071 1548 3132; x_wconf 85' lang='lat' dir='ltr'>l.</span> <span class='ocrx_word' id='word_1_233' title='bbox 1578 3069 1791 3133; x_wconf 67' lang='lat'>1682-22112.</span> 
     </span>
    </p>
   </div>
   <div class='ocr_carea' id='block_1_10' title="bbox 394 3188 1792 3699">
    <p class='ocr_par' dir='ltr' id='par_1_10' title="bbox 394 3188 1792 3699">
     <span class='ocr_line' id='line_1_25' title="bbox 502 3188 1792 3269; baseline 0.003 -19"><span class='ocrx_word' id='word_1_234' title='bbox 502 3189 524 3250; x_wconf 87' lang='lat' dir='ltr'>f.</span> <span class='ocrx_word' id='word_1_235' title='bbox 548 3189 750 3252; x_wconf 69' lang='lat'>2282-268·</span> <span class='ocrx_word' id='word_1_236' title='bbox 772 3189 929 3252; x_wconf 89' lang='lat' dir='ltr'>Caesarii</span> <span class='ocrx_word' id='word_1_237' title='bbox 950 3189 1256 3253; x_wconf 86' lang='lat' dir='ltr'>Heisterbacensis</span> <span class='ocrx_word' id='word_1_238' title='bbox 1279 3188 1417 3269; x_wconf 86' lang='lat' dir='ltr'>Dialogi</span> <span class='ocrx_word' id='word_1_239' title='bbox 1438 3192 1480 3254; x_wconf 88' lang='lat' dir='ltr'>de</span> <span class='ocrx_word' id='word_1_240' title='bbox 1504 3191 1695 3268; x_wconf 82' lang='lat' dir='ltr'>miraculis,</span> <span class='ocrx_word' id='word_1_241' title='bbox 1711 3193 1792 3254; x_wconf 87' lang='lat' dir='ltr'>visi·</span> 
     </span>
     <span class='ocr_line' id='line_1_26' title="bbox 395 3276 1792 3358; baseline -0.001 -18"><span class='ocrx_word' id='word_1_242' title='bbox 395 3277 522 3340; x_wconf 89' lang='lat' dir='ltr'>onibus</span> <span class='ocrx_word' id='word_1_243' title='bbox 546 3281 581 3338; x_wconf 89' lang='lat' dir='ltr'>et</span> <span class='ocrx_word' id='word_1_244' title='bbox 608 3276 781 3356; x_wconf 84' lang='lat' dir='ltr'>exemplis</span> <span class='ocrx_word' id='word_1_245' title='bbox 814 3293 899 3339; x_wconf 88' lang='lat' dir='ltr'>suae</span> <span class='ocrx_word' id='word_1_246' title='bbox 930 3277 1066 3340; x_wconf 85' lang='lat' dir='ltr'>aetatis.</span> <span class='ocrx_word' id='word_1_247' title='bbox 1104 3277 1235 3355; x_wconf 85' lang='lat' dir='ltr'>»Incipit</span> <span class='ocrx_word' id='word_1_248' title='bbox 1268 3277 1429 3356; x_wconf 85' lang='lat' dir='ltr'>dyalogus</span> <span class='ocrx_word' id='word_1_249' title='bbox 1463 3277 1587 3358; x_wconf 88' lang='lat' dir='ltr'>Cesarij</span> <span class='ocrx_word' id='word_1_250' title='bbox 1623 3283 1655 3339; x_wconf 92' lang='lat' dir='ltr'>et</span> <span class='ocrx_word' id='word_1_251' title='bbox 1688 3283 1792 3358; x_wconf 87' lang='lat' dir='ltr'>primo</span> 
     </span>
     <span class='ocr_line' id='line_1_27' title="bbox 396 3363 1791 3444; baseline 0.001 -20"><span class='ocrx_word' id='word_1_252' title='bbox 396 3367 518 3443; x_wconf 89' lang='lat' dir='ltr'>primus</span> <span class='ocrx_word' id='word_1_253' title='bbox 542 3363 620 3425; x_wconf 88' lang='lat' dir='ltr'>liber</span> <span class='ocrx_word' id='word_1_254' title='bbox 642 3363 682 3424; x_wconf 92' lang='lat' dir='ltr'>de</span> <span class='ocrx_word' id='word_1_255' title='bbox 706 3367 903 3426; x_wconf 88' lang='lat' dir='ltr'>contricione</span> <span class='ocrx_word' id='word_1_256' title='bbox 937 3381 995 3443; x_wconf 90' lang='lat' dir='ltr'>per</span> <span class='ocrx_word' id='word_1_257' title='bbox 1026 3367 1116 3426; x_wconf 87' lang='lat' dir='ltr'>varia</span> <span class='ocrx_word' id='word_1_258' title='bbox 1146 3365 1309 3425; x_wconf 87' lang='lat' dir='ltr'>miracula.</span> <span class='ocrx_word' id='word_1_259' title='bbox 1336 3363 1503 3444; x_wconf 83' lang='lat' dir='ltr'>Prologus</span> <span class='ocrx_word' id='word_1_260' title='bbox 1534 3365 1682 3444; x_wconf 90' lang='lat' dir='ltr'>Cupiens</span> <span class='ocrx_word' id='word_1_261' title='bbox 1706 3367 1791 3444; x_wconf 91' lang='lat' dir='ltr'>loqui</span> 
     </span>
     <span class='ocr_line' id='line_1_28' title="bbox 396 3449 1789 3530; baseline 0.002 -20"><span class='ocrx_word' id='word_1_262' title='bbox 396 3451 435 3510; x_wconf 92' lang='lat' dir='ltr'>de</span> <span class='ocrx_word' id='word_1_263' title='bbox 459 3455 692 3511; x_wconf 81' lang='lat' dir='ltr'>conversione«</span> <span class='ocrx_word' id='word_1_264' title='bbox 719 3453 751 3508; x_wconf 87' lang='grc'>&gt;&lt;</span> <span class='ocrx_word' id='word_1_265' title='bbox 778 3449 961 3530; x_wconf 76' lang='lat' dir='ltr'>»adquam</span> <span class='ocrx_word' id='word_1_266' title='bbox 983 3455 1145 3512; x_wconf 88' lang='lat' dir='ltr'>visionem</span> <span class='ocrx_word' id='word_1_267' title='bbox 1170 3454 1426 3530; x_wconf 82' lang='lat' dir='ltr'>societatemque</span> <span class='ocrx_word' id='word_1_268' title='bbox 1450 3456 1596 3513; x_wconf 91' lang='lat' dir='ltr'>omnium</span> <span class='ocrx_word' id='word_1_269' title='bbox 1613 3455 1789 3514; x_wconf 87' lang='lat' dir='ltr'>electorum</span> 
     </span>
     <span class='ocr_line' id='line_1_29' title="bbox 394 3535 1791 3617; baseline 0.001 -19"><span class='ocrx_word' id='word_1_270' title='bbox 394 3553 457 3598; x_wconf 87' lang='lat' dir='ltr'>nos</span> <span class='ocrx_word' id='word_1_271' title='bbox 481 3536 656 3615; x_wconf 90' lang='lat' dir='ltr'>perducere</span> <span class='ocrx_word' id='word_1_272' title='bbox 691 3536 839 3616; x_wconf 87' lang='lat' dir='ltr'>dignetur</span> <span class='ocrx_word' id='word_1_273' title='bbox 868 3535 895 3596; x_wconf 92' lang='lat' dir='ltr'>J.</span> <span class='ocrx_word' id='word_1_274' title='bbox 927 3535 1013 3612; x_wconf 77' lang='lat' dir='ltr'>Chr,</span> <span class='ocrx_word' id='word_1_275' title='bbox 1037 3542 1109 3616; x_wconf 80' lang='lat' dir='ltr'>qui«</span> <span class='ocrx_word' id='word_1_276' title='bbox 1142 3542 1203 3598; x_wconf 90' lang='lat' dir='ltr'>etc.</span> <span class='ocrx_word' id='word_1_277' title='bbox 1234 3535 1392 3612; x_wconf 77' lang='lat' dir='ltr'>(Titulum</span> <span class='ocrx_word' id='word_1_278' title='bbox 1424 3543 1532 3617; x_wconf 92' lang='lat' dir='ltr'>operis</span> <span class='ocrx_word' id='word_1_279' title='bbox 1555 3555 1573 3600; x_wconf 92' lang='lat' dir='ltr'>e</span> <span class='ocrx_word' id='word_1_280' title='bbox 1597 3539 1791 3600; x_wconf 87' lang='lat' dir='ltr'>bibliotheca</span> 
     </span>
     <span class='ocr_line' id='line_1_30' title="bbox 395 3621 749 3699; baseline 0 -15"><span class='ocrx_word' id='word_1_281' title='bbox 395 3621 530 3685; x_wconf 77' lang='lat' dir='ltr'>Fabricii</span> <span class='ocrx_word' id='word_1_282' title='bbox 552 3623 749 3699; x_wconf 88' lang='lat' dir='ltr'>hausimus.)</span> 
     </span>
    </p>
   </div>
   <div class='ocr_carea' id='block_1_11' title="bbox 394 3746 1791 3995">
    <p class='ocr_par' dir='ltr' id='par_1_11' title="bbox 394 3746 1791 3995">
     <span class='ocr_line' id='line_1_31' title="bbox 503 3746 1791 3822; baseline 0.002 -21"><span class='ocrx_word' id='word_1_283' title='bbox 503 3746 655 3818; x_wconf 86' lang='lat' dir='ltr'>Operculis</span> <span class='ocrx_word' id='word_1_284' title='bbox 678 3749 807 3819; x_wconf 79' lang='lat' dir='ltr'>adligata</span> <span class='ocrx_word' id='word_1_285' title='bbox 828 3755 898 3806; x_wconf 90' lang='lat' dir='ltr'>sunt</span> <span class='ocrx_word' id='word_1_286' title='bbox 920 3747 1081 3818; x_wconf 73' lang='lat' dir='ltr'>fragmenta</span> <span class='ocrx_word' id='word_1_287' title='bbox 1104 3749 1223 3804; x_wconf 87' lang='lat' dir='ltr'>membr.</span> <span class='ocrx_word' id='word_1_288' title='bbox 1248 3751 1372 3804; x_wconf 90' lang='lat' dir='ltr'>duorum</span> <span class='ocrx_word' id='word_1_289' title='bbox 1396 3748 1530 3804; x_wconf 88' lang='lat' dir='ltr'>instrum.</span> <span class='ocrx_word' id='word_1_290' title='bbox 1548 3752 1629 3820; x_wconf 89' lang='lat' dir='ltr'>publ.</span> <span class='ocrx_word' id='word_1_291' title='bbox 1647 3753 1791 3822; x_wconf 74' lang='lat' dir='ltr'>germani-</span> 
     </span>
     <span class='ocr_line' id='line_1_32' title="bbox 394 3832 1791 3912; baseline 0.004 -24"><span class='ocrx_word' id='word_1_292' title='bbox 394 3847 497 3888; x_wconf 92' lang='lat' dir='ltr'>corum</span> <span class='ocrx_word' id='word_1_293' title='bbox 527 3833 589 3901; x_wconf 87' lang='lat' dir='ltr'>(alt.</span> <span class='ocrx_word' id='word_1_294' title='bbox 614 3851 640 3891; x_wconf 85' lang='lat' dir='ltr'>a.</span> <span class='ocrx_word' id='word_1_295' title='bbox 669 3832 763 3912; x_wconf 82' lang='lat'>1435)</span> <span class='ocrx_word' id='word_1_296' title='bbox 794 3853 812 3892; x_wconf 90' lang='lat' dir='ltr'>a</span> <span class='ocrx_word' id='word_1_297' title='bbox 842 3841 988 3891; x_wconf 86' lang='lat' dir='ltr'>conventu</span> <span class='ocrx_word' id='word_1_298' title='bbox 1020 3841 1146 3890; x_wconf 86' lang='lat' dir='ltr'>monast.</span> <span class='ocrx_word' id='word_1_299' title='bbox 1171 3833 1352 3905; x_wconf 88' lang='lat' dir='ltr'>Oybinensis</span> <span class='ocrx_word' id='word_1_300' title='bbox 1375 3837 1527 3893; x_wconf 85' lang='lat' dir='ltr'>editorum.</span> <span class='ocrx_word' id='word_1_301' title='bbox 1552 3835 1585 3891; x_wconf 91' lang='lat' dir='ltr'>ln</span> <span class='ocrx_word' id='word_1_302' title='bbox 1609 3839 1667 3894; x_wconf 89' lang='lat' dir='ltr'>hoe</span> <span class='ocrx_word' id='word_1_303' title='bbox 1690 3852 1791 3893; x_wconf 83' lang='lat' dir='ltr'>mona-</span> 
     </span>
     <span class='ocr_line' id='line_1_33' title="bbox 397 3919 1189 3995; baseline 0.003 -19"><span class='ocrx_word' id='word_1_304' title='bbox 397 3919 484 3976; x_wconf 88' lang='lat' dir='ltr'>sterio</span> <span class='ocrx_word' id='word_1_305' title='bbox 507 3920 595 3976; x_wconf 87' lang='lat' dir='ltr'>etiam</span> <span class='ocrx_word' id='word_1_306' title='bbox 617 3923 711 3978; x_wconf 87' lang='lat' dir='ltr'>codex</span> <span class='ocrx_word' id='word_1_307' title='bbox 733 3923 796 3995; x_wconf 90' lang='lat' dir='ltr'>ipse</span> <span class='ocrx_word' id='word_1_308' title='bbox 819 3927 956 3977; x_wconf 84' lang='lat' dir='ltr'>exaratus</span> <span class='ocrx_word' id='word_1_309' title='bbox 978 3935 1044 3977; x_wconf 88' lang='lat' dir='ltr'>esse</span> <span class='ocrx_word' id='word_1_310' title='bbox 1067 3921 1189 3979; x_wconf 87' lang='lat' dir='ltr'>videtur.</span> 
     </span>
    </p>
   </div>
   <div class='ocr_carea' id='block_1_12' title="bbox 395 4121 1468 4346">
    <p class='ocr_par' dir='ltr' id='par_1_12' title="bbox 395 4121 1468 4346">
     <span class='ocr_line' id='line_1_34' title="bbox 499 4121 1356 4208; baseline -0.012 -6"><span class='ocrx_word' id='word_1_311' title='bbox 499 4121 582 4202; x_wconf 80' lang='lat'>833</span> <span class='ocrx_word' id='word_1_312' title='bbox 872 4123 914 4200; x_wconf 89' lang='lat' dir='ltr'>V.</span> <span class='ocrx_word' id='word_1_313' title='bbox 942 4125 986 4198; x_wconf 88' lang='lat' dir='ltr'>B.</span> <span class='ocrx_word' id='word_1_314' title='bbox 1013 4123 1075 4199; x_wconf 86' lang='grc'>16.</span> <span class='ocrx_word' id='word_1_315' title='bbox 1104 4139 1150 4204; x_wconf 74' lang='grc' dir='ltr'>(Υ.</span> <span class='ocrx_word' id='word_1_316' title='bbox 1168 4139 1202 4191; x_wconf 86' lang='lat'>11.</span> <span class='ocrx_word' id='word_1_317' title='bbox 1220 4141 1246 4193; x_wconf 91' lang='lat'>2.</span> <span class='ocrx_word' id='word_1_318' title='bbox 1264 4157 1290 4192; x_wconf 77' lang='lat' dir='ltr'>n.</span> <span class='ocrx_word' id='word_1_319' title='bbox 1303 4142 1356 4208; x_wconf 72' lang='lat'>12.)</span> 
     </span>
     <span class='ocr_line' id='line_1_35' title="bbox 395 4261 1468 4346; baseline 0.002 -22"><span class='ocrx_word' id='word_1_320' title='bbox 395 4261 503 4326; x_wconf 81' lang='lat' dir='ltr'>ciart.</span> <span class='ocrx_word' id='word_1_321' title='bbox 524 4279 612 4324; x_wconf 83' lang='lat' dir='ltr'>saec.</span> <span class='ocrx_word' id='word_1_322' title='bbox 634 4261 829 4324; x_wconf 87' lang='lat' dir='ltr'><em>XIV—XV</em></span> <span class='ocrx_word' id='word_1_323' title='bbox 835 4263 881 4346; x_wconf 89' lang='lat' dir='ltr'>ff.</span> <span class='ocrx_word' id='word_1_324' title='bbox 904 4264 970 4326; x_wconf 83' lang='lat'>209</span> <span class='ocrx_word' id='word_1_325' title='bbox 991 4281 1095 4338; x_wconf 73' lang='lat' dir='ltr'>num„</span> <span class='ocrx_word' id='word_1_326' title='bbox 1116 4263 1259 4326; x_wconf 81' lang='lat'><em>31&gt;&lt;22</em></span> <span class='ocrx_word' id='word_1_327' title='bbox 1282 4281 1344 4325; x_wconf 86' lang='lat' dir='ltr'>cm.</span> <span class='ocrx_word' id='word_1_328' title='bbox 1368 4264 1401 4327; x_wconf 86' lang='lat' dir='ltr'>d.</span> <span class='ocrx_word' id='word_1_329' title='bbox 1423 4283 1468 4326; x_wconf 90' lang='lat' dir='ltr'>m.</span> 
     </span>
    </p>
   </div>
   <div class='ocr_carea' id='block_1_13' title="bbox 392 4381 1792 4638">
    <p class='ocr_par' dir='ltr' id='par_1_13' title="bbox 392 4381 1792 4638">
     <span class='ocr_line' id='line_1_36' title="bbox 394 4381 1792 4467; baseline 0.007 -23"><span class='ocrx_word' id='word_1_330' title='bbox 394 4381 555 4461; x_wconf 88' lang='lat' dir='ltr'>Origcnis</span> <span class='ocrx_word' id='word_1_331' title='bbox 576 4381 748 4446; x_wconf 86' lang='lat' dir='ltr'>Humiliae</span> <span class='ocrx_word' id='word_1_332' title='bbox 771 4401 877 4464; x_wconf 89' lang='lat' dir='ltr'>super</span> <span class='ocrx_word' id='word_1_333' title='bbox 898 4385 1006 4448; x_wconf 90' lang='lat' dir='ltr'>libros</span> <span class='ocrx_word' id='word_1_334' title='bbox 1028 4385 1149 4462; x_wconf 86' lang='lat' dir='ltr'>Josue,</span> <span class='ocrx_word' id='word_1_335' title='bbox 1171 4385 1346 4462; x_wconf 87' lang='lat' dir='ltr'>Judicum,</span> <span class='ocrx_word' id='word_1_336' title='bbox 1375 4385 1488 4450; x_wconf 87' lang='lat' dir='ltr'>Isaiae</span> <span class='ocrx_word' id='word_1_337' title='bbox 1510 4389 1713 4467; x_wconf 84' lang='lat' dir='ltr'>prophetae,</span> <span class='ocrx_word' id='word_1_338' title='bbox 1737 4391 1792 4454; x_wconf 86' lang='lat' dir='ltr'>Je-</span> 
     </span>
     <span class='ocr_line' id='line_1_37' title="bbox 392 4469 1791 4556; baseline 0.006 -25"><span class='ocrx_word' id='word_1_339' title='bbox 392 4469 523 4532; x_wconf 82' lang='lat' dir='ltr'>remiae</span> <span class='ocrx_word' id='word_1_340' title='bbox 545 4471 743 4548; x_wconf 86' lang='lat' dir='ltr'>prophetae,</span> <span class='ocrx_word' id='word_1_341' title='bbox 777 4469 968 4534; x_wconf 83' lang='lat' dir='ltr'>Ezechielis</span> <span class='ocrx_word' id='word_1_342' title='bbox 990 4472 1190 4551; x_wconf 87' lang='lat' dir='ltr'>prophetae,</span> <span class='ocrx_word' id='word_1_343' title='bbox 1214 4471 1359 4534; x_wconf 89' lang='lat' dir='ltr'>Cantica</span> <span class='ocrx_word' id='word_1_344' title='bbox 1381 4475 1598 4538; x_wconf 86' lang='lat' dir='ltr'>canticorum</span> <span class='ocrx_word' id='word_1_345' title='bbox 1622 4477 1791 4556; x_wconf 87' lang='lat' dir='ltr'>interpre-</span> 
     </span>
     <span class='ocr_line' id='line_1_38' title="bbox 818 4557 1365 4638; baseline 0.004 -19"><span class='ocrx_word' id='word_1_346' title='bbox 818 4558 911 4620; x_wconf 91' lang='lat' dir='ltr'>tibus</span> <span class='ocrx_word' id='word_1_347' title='bbox 934 4558 1060 4621; x_wconf 89' lang='lat' dir='ltr'>Rutlno</span> <span class='ocrx_word' id='word_1_348' title='bbox 1082 4563 1118 4621; x_wconf 88' lang='lat' dir='ltr'>et</span> <span class='ocrx_word' id='word_1_349' title='bbox 1141 4557 1365 4638; x_wconf 84' lang='lat' dir='ltr'>Hieronymo.</span> 
     </span>
    </p>
   </div>
   <div class='ocr_carea' id='block_1_14' title="bbox 394 4679 1791 5102">
    <p class='ocr_par' dir='ltr' id='par_1_14' title="bbox 394 4679 1791 5102">
     <span class='ocr_line' id='line_1_39' title="bbox 523 4679 1790 4762; baseline 0.009 -27"><span class='ocrx_word' id='word_1_350' title='bbox 523 4679 676 4752; x_wconf 88' lang='lat' dir='ltr'>Operculis</span> <span class='ocrx_word' id='word_1_351' title='bbox 699 4682 827 4754; x_wconf 86' lang='lat' dir='ltr'>adligata</span> <span class='ocrx_word' id='word_1_352' title='bbox 849 4690 918 4739; x_wconf 86' lang='lat' dir='ltr'>sunt</span> <span class='ocrx_word' id='word_1_353' title='bbox 940 4685 1102 4756; x_wconf 86' lang='lat' dir='ltr'>fragmenta</span> <span class='ocrx_word' id='word_1_354' title='bbox 1124 4685 1242 4742; x_wconf 89' lang='lat' dir='ltr'>membr.</span> <span class='ocrx_word' id='word_1_355' title='bbox 1268 4684 1452 4741; x_wconf 90' lang='lat' dir='ltr'>instrumenti</span> <span class='ocrx_word' id='word_1_356' title='bbox 1476 4688 1567 4757; x_wconf 87' lang='lat' dir='ltr'>publ,</span> <span class='ocrx_word' id='word_1_357' title='bbox 1591 4706 1651 4762; x_wconf 88' lang='lat' dir='ltr'>quo</span> <span class='ocrx_word' id='word_1_358' title='bbox 1675 4698 1790 4747; x_wconf 87' lang='lat' dir='ltr'>contro·</span> 
     </span>
     <span class='ocr_line' id='line_1_40' title="bbox 394 4768 1791 4844; baseline 0.007 -23"><span class='ocrx_word' id='word_1_359' title='bbox 394 4770 489 4822; x_wconf 82' lang='lat' dir='ltr'>versia</span> <span class='ocrx_word' id='word_1_360' title='bbox 522 4768 558 4822; x_wconf 87' lang='lat' dir='ltr'>de</span> <span class='ocrx_word' id='word_1_361' title='bbox 586 4769 712 4824; x_wconf 88' lang='lat' dir='ltr'>ecelesia</span> <span class='ocrx_word' id='word_1_362' title='bbox 735 4770 763 4824; x_wconf 89' lang='lat' dir='ltr'>in</span> <span class='ocrx_word' id='word_1_363' title='bbox 788 4769 934 4826; x_wconf 87' lang='lat' dir='ltr'>Altovado</span> <span class='ocrx_word' id='word_1_364' title='bbox 964 4774 1039 4826; x_wconf 86' lang='lat' dir='ltr'>inter</span> <span class='ocrx_word' id='word_1_365' title='bbox 1060 4770 1212 4826; x_wconf 87' lang='lat' dir='ltr'>Matthiam</span> <span class='ocrx_word' id='word_1_366' title='bbox 1235 4773 1271 4827; x_wconf 88' lang='lat' dir='ltr'>de</span> <span class='ocrx_word' id='word_1_367' title='bbox 1294 4769 1463 4844; x_wconf 88' lang='lat' dir='ltr'>Crumplow</span> <span class='ocrx_word' id='word_1_368' title='bbox 1485 4779 1512 4828; x_wconf 87' lang='lat' dir='ltr'>el</span> <span class='ocrx_word' id='word_1_369' title='bbox 1528 4773 1651 4831; x_wconf 89' lang='lat' dir='ltr'>Paulum</span> <span class='ocrx_word' id='word_1_370' title='bbox 1674 4776 1791 4834; x_wconf 85' lang='lat' dir='ltr'>Henrici</span> 
     </span>
     <span class='ocr_line' id='line_1_41' title="bbox 395 4852 1788 4933; baseline 0.007 -25"><span class='ocrx_word' id='word_1_371' title='bbox 395 4855 431 4908; x_wconf 81' lang='lat' dir='ltr'>de</span> <span class='ocrx_word' id='word_1_372' title='bbox 459 4852 598 4910; x_wconf 87' lang='lat' dir='ltr'>Budweis</span> <span class='ocrx_word' id='word_1_373' title='bbox 629 4855 814 4925; x_wconf 86' lang='lat' dir='ltr'>presbyteros</span> <span class='ocrx_word' id='word_1_374' title='bbox 844 4858 989 4913; x_wconf 88' lang='lat' dir='ltr'>sententia</span> <span class='ocrx_word' id='word_1_375' title='bbox 1019 4860 1096 4914; x_wconf 86' lang='lat' dir='ltr'>doci.</span> <span class='ocrx_word' id='word_1_376' title='bbox 1122 4857 1263 4913; x_wconf 86' lang='lat' dir='ltr'>Bohuslai</span> <span class='ocrx_word' id='word_1_377' title='bbox 1286 4859 1391 4914; x_wconf 83' lang='lat' dir='ltr'>decani</span> <span class='ocrx_word' id='word_1_378' title='bbox 1413 4861 1517 4918; x_wconf 87' lang='lat' dir='ltr'>eccles.</span> <span class='ocrx_word' id='word_1_379' title='bbox 1545 4861 1700 4933; x_wconf 82' lang='lat' dir='ltr'>Pragensis</span> <span class='ocrx_word' id='word_1_380' title='bbox 1723 4865 1788 4920; x_wconf 88' lang='lat' dir='ltr'>diri-</span> 
     </span>
     <span class='ocr_line' id='line_1_42' title="bbox 396 4939 1787 5018; baseline 0.009 -25"><span class='ocrx_word' id='word_1_381' title='bbox 396 4942 491 4995; x_wconf 87' lang='lat' dir='ltr'>mitur.</span> <span class='ocrx_word' id='word_1_382' title='bbox 522 4939 555 4994; x_wconf 93' lang='lat' dir='ltr'>ln</span> <span class='ocrx_word' id='word_1_383' title='bbox 585 4955 679 5012; x_wconf 91' lang='lat' dir='ltr'>super.</span> <span class='ocrx_word' id='word_1_384' title='bbox 702 4941 862 5012; x_wconf 85' lang='lat' dir='ltr'>fragmento</span> <span class='ocrx_word' id='word_1_385' title='bbox 885 4944 958 5000; x_wconf 87' lang='lat' dir='ltr'>haee</span> <span class='ocrx_word' id='word_1_386' title='bbox 981 4951 1051 5000; x_wconf 85' lang='lat' dir='ltr'>notu</span> <span class='ocrx_word' id='word_1_387' title='bbox 1074 4951 1134 5000; x_wconf 86' lang='lat' dir='ltr'>est:</span> <span class='ocrx_word' id='word_1_388' title='bbox 1170 4942 1299 5000; x_wconf 79' lang='lat' dir='ltr'>»Omelle</span> <span class='ocrx_word' id='word_1_389' title='bbox 1322 4943 1455 5016; x_wconf 87' lang='lat' dir='ltr'>Origenis</span> <span class='ocrx_word' id='word_1_390' title='bbox 1479 4961 1567 5018; x_wconf 90' lang='lat' dir='ltr'>super</span> <span class='ocrx_word' id='word_1_391' title='bbox 1589 4947 1711 5006; x_wconf 84' lang='lat' dir='ltr'>Ysaiam</span> <span class='ocrx_word' id='word_1_392' title='bbox 1735 4957 1787 5006; x_wconf 84' lang='lat' dir='ltr'>etc.</span> 
     </span>
     <span class='ocr_line' id='line_1_43' title="bbox 398 5025 1063 5102; baseline 0.009 -22"><span class='ocrx_word' id='word_1_393' title='bbox 398 5025 437 5082; x_wconf 86' lang='lat'>80</span> <span class='ocrx_word' id='word_1_394' title='bbox 461 5041 501 5095; x_wconf 89' lang='lat' dir='ltr'>gr.</span> <span class='ocrx_word' id='word_1_395' title='bbox 526 5027 733 5098; x_wconf 73' lang='lat' dir='ltr'>correcteti).«</span> <span class='ocrx_word' id='word_1_396' title='bbox 759 5027 852 5084; x_wconf 87' lang='lat' dir='ltr'>Vetus</span> <span class='ocrx_word' id='word_1_397' title='bbox 875 5033 949 5100; x_wconf 86' lang='lat' dir='ltr'>sign.</span> <span class='ocrx_word' id='word_1_398' title='bbox 974 5029 1006 5102; x_wconf 85' lang='lat' dir='ltr'>E,</span> <span class='ocrx_word' id='word_1_399' title='bbox 1035 5031 1063 5086; x_wconf 90' lang='lat'>6.</span> 
     </span>
    </p>
   </div>
   <div class='ocr_carea' id='block_1_15' title="bbox 1067 5249 1118 5300">
    <p class='ocr_par' dir='ltr' id='par_1_15' title="bbox 1067 5249 1118 5300">
     <span class='ocr_line' id='line_1_44' title="bbox 1067 5249 1118 5300; baseline 0 -1"><span class='ocrx_word' id='word_1_400' title='bbox 1067 5249 1118 5300; x_wconf 80' lang='lat'>:340</span> 
     </span>
    </p>
   </div>
   <div class='ocr_carea' id='block_1_16' title="bbox 0 0 1914 5960">
    <p class='ocr_par' dir='ltr' id='par_1_16' title="bbox 0 0 1914 5960">
     <span class='ocr_line' id='line_1_45' title="bbox 0 0 1914 5960; baseline 0 0"><span class='ocrx_word' id='word_1_401' title='bbox 0 0 1914 5960; x_wconf 95' lang='lat' dir='ltr'> </span> 
     </span>
    </p>
   </div>
  </div>
 </body>
</html>
