3830 5966
1044 574 1126 636 1170

489 778 577 860 ilio
984 779 1048 860 Vl.
1076 779 1123 857 G.
1148 782 1185 858 5.

383 918 571 982 membran.
594 937 680 982 saec.
706 917 794 983 XIV
814 920 858 982 in.
873 917 1292 1000 ss.258,15·5><12cm.
1317 920 1335 984 i
1359 938 1403 982 m.

382 1039 678 1120 Antiphonarium
710 1058 793 1103 cnm
822 1041 1069 1121 responsoriis,
1104 1041 1198 1104 notis
1229 1040 1376 1104 musicis
1409 1041 1622 1104 instructum
1645 1047 1682 1104 et
1704 1041 1785 1104 usui

535 1126 739 1190 monialium
762 1129 805 1208 (s.
829 1125 968 1208 Georgii
991 1128 1028 1190 in
1050 1135 1168 1192 castro
1191 1127 1396 1207 Pragensii)
1420 1129 1630 1207 adaptatum.

493 1233 562 1290 Sine
586 1236 677 1291 dnbio
701 1251 715 1292 e
739 1242 866 1294 monast.
890 1235 921 1292 S.
945 1235 1071 1308 Georgii.

488 1386 559 1466 iiii
981 1387 1045 1463 VI.
1075 1387 1121 1463 G.
1150 1389 1185 1462 6.

382 1526 571 1588 membran.
594 1543 682 1588 saec.
706 1521 872 1588 XIV—X
876 1525 905 1585 V
909 1526 956 1609 ff.
988 1525 1063 1599 602,
1094 1525 1172 1588 175
1183 1525 1278 1603 ><13
1299 1543 1362 1588 cm.
1387 1525 1418 1588 ci.
1441 1544 1487 1587 m.
1511 1541 1590 1588 cum
1609 1525 1681 1588 init.
1707 1527 1785 1607 pict.

382 1647 603 1710 Breviarium
618 1646 812 1710 secundum
834 1648 1008 1710 rubricam
1022 1647 1234 1726 Pragensem
1251 1647 1477 1725 compilatum
1493 1647 1594 1728 (olim
1608 1647 1787 1710 Benedicti

383 1735 426 1798 dc
447 1733 654 1810 Waldstein,
677 1733 783 1813 episc.
806 1733 1172 1900 caminenziffgpiientiissirss
1186 1741 1218 1794 et
1233 1738 1265 1795 in
1288 1733 1353 1795 fine
1376 1736 1610 1796 recentioribus
1634 1735 1786 1796 manibus

486 1927 520 1983 In
543 1929 713 1984 membrana
741 1927 903 1999 praeligata
925 1929 981 1983 hae
1004 1935 1090 1985 notae
1121 1932 1295 1982 occurrunt:
1326 1925 1348 1982 1.
1376 1925 1449 1983 »Hic
1470 1927 1544 1983 liber
1565 1932 1612 1983 est
1633 1927 1713 1998 Mag.
1738 1926 1788 1983 Ni-

383 2015 470 2083 colai,
494 2014 564 2071 olim
579 2013 663 2090 ⁸regie
686 2014 860 2070 cancellarie
883 2015 1105 2086 prothonotarii,
1129 2013 1319 2070 hereditarius
1343 2029 1401 2069 rev.
1418 2015 1448 2070 in
1465 2013 1532 2070 Chr.
1549 2016 1641 2086 patris
1664 2020 1694 2070 et
1708 2016 1786 2072 dom.

384 2100 535 2158 Benedicti
564 2102 683 2157 baronis
706 2103 741 2156 de
765 2103 854 2156 domo
878 2101 1065 2172 Wnlsstnyn,
1096 2100 1227 2173 episcopi
1257 2097 1500 2170 (caminensis).«
1528 2099 1562 2156 ΙΙ.
1591 2099 1672 2172 »Ego
1696 2099 1788 2156 Rene·

384 2190 481 2244 dictus
505 2189 663 2259 episcopus
693 2187 816 2243 ecclesie
851 2185 1037 2244 Caminensis
1068 2188 1147 2243 hunc
1169 2187 1275 2243 librum
1298 2202 1364 2242 ven.
1388 2188 1568 2244 monasterio
1591 2187 1788 2244 Trzebonensi

384 2278 464 2332 dono
487 2274 554 2330 dedi
585 2289 673 2330 usum
703 2275 767 2330 eius
798 2277 834 2330 ad
865 2279 955 2330 vitam
985 2272 1131 2347 propriam
1160 2289 1322 2332 reservans.
1347 2271 1439 2329 Manu
1469 2274 1586 2346 propria
1610 2291 1680 2330 ann.
1708 2275 1786 2330 1493

386 2359 442 2416 XX
464 2362 511 2417 die
534 2359 633 2416 iunii«
655 2405 661 2419 .
682 2405 689 2418 .
709 2406 717 2421 ,
737 2404 744 2417 .
768 2359 812 2416 CI.
835 2360 953 2417 Balbini
968 2362 1042 2418 Boh.
1066 2365 1094 2417 d.
1118 2358 1167 2430 111,
1196 2361 1265 2418 iiii.
1297 2359 1356 2416 Sed
1386 2360 1472 2416 nobis
1504 2362 1600 2417 codex
1623 2377 1638 2416 e
1662 2361 1786 2432 collegio

385 2447 415 2504 S.
439 2446 465 2504 J.
490 2445 704 2504 Crumloviensi
729 2447 842 2519 obtigit.

491 2597 577 2677 1172
999 2597 1064 2673 VI.
1094 2597 1139 2673 G.
1170 2597 1203 2673 7.

384 2737 574 2800 membran.
598 2753 685 2800 saec.
708 2734 831 2819 XVffi
855 2737 907 2814 66,
929 2737 1058 2816 ta·5><
1072 2739 1221 2801 12·5cm.
1244 2738 1263 2799 1
1289 2757 1333 2800 m.

385 2858 521 2922 Rituale
544 2863 716 2921 continens
740 2863 944 2921 ceremonias
975 2860 1137 2938 baptismi,
1161 2859 1334 2931 funeraies,
1359 2860 1615 2930 benedictiones
1640 2859 1786 2921 ordinem

679 2946 721 3006 ad
744 2947 945 3007 visitandum
969 2947 1144 3008 infirmum.
1168 2945 1263 3008 Libro
1286 2943 1408 3008 inserta
1430 2952 1481 3007 est

489 3031 510 3094 i.
534 3031 640 3093 9-12
665 3030 844 3111 Sequentia
876 3031 974 3094 »Dies
997 3037 1080 3094 irae«
1116 3049 1192 3094 cum
1225 3038 1311 3095 notis
1343 3037 1488 3106 musicis,
1512 3035 1545 3092 in
1568 3031 1634 3093 fine
1667 3035 1786 3094 mutila.

491 3137 644 3211 Operculis
668 3139 852 3210 adglutinata
874 3145 944 3196 sunt
966 3139 1127 3210 fragmenta
1150 3142 1270 3195 membr.
1294 3140 1358 3196 libri
1380 3140 1535 3196 cuiusdam
1558 3139 1687 3210 liturgici
1710 3155 1787 3200 saec.

385 3223 462 3297 XIII,
494 3225 556 3281 init.
579 3225 622 3280 lit.
645 3226 731 3296 pictis
755 3233 783 3282 et
806 3226 952 3282 deauratis
983 3228 1125 3284 exornati.
1149 3225 1182 3282 In
1205 3226 1296 3282 fronte
1320 3227 1339 3283 1.
1367 3228 1416 3282 1⁸:
1450 3225 1606 3297 »catalogo
1629 3226 1787 3298 inscriptus

386 3311 499 3368 Domus
522 3309 674 3368 Professae
702 3313 813 3370 lisa«

491 3461 579 3542 iiis
1008 3461 1067 3538 VI.
1099 3461 1143 3538 G.
1169 3463 1206 3538 8.

387 3602 577 3665 membran.
600 3618 688 3665 saec.
711 3601 769 3664 XI
773 3601 799 3664 V
806 3601 853 3684 ff.
877 3602 952 3678 205,
976 3602 1115 3665 18)(13
1130 3619 1192 3664 cm.
1217 3603 1249 3663 d.
1273 3621 1317 3665 m.

719 3723 907 3786 Sermones
931 3725 973 3787 de
996 3723 1130 3786 sanctis
1153 3727 1317 3798 (carentes
1341 3727 1454 3797 initio).

492 3846 638 3919 Operculo
661 3847 741 3905 infer.
767 3849 896 3919 adligata
918 3857 988 3904 sunt
1012 3849 1029 3904 3
1053 3849 1124 3904 folia
1147 3849 1312 3919 chartacea,
1335 3849 1366 3904 in
1390 3865 1513 3920 quorum
1543 3851 1638 3920 primo
1669 3864 1784 3904 enunie-

387 3939 489 3989 rantur
511 3935 684 4005 prohibendi
707 3951 725 3990 a
748 3936 955 3991 communione
979 3951 1067 3992 manu
1091 3951 1169 3993 saec.
1194 3933 1258 3992 XV.

495 4100 580 4182 1174
1003 4102 1066 4178 VI.
1096 4101 1142 4178 G.
1171 4104 1206 4177 9.

388 4241 497 4303 chart.
520 4258 607 4304 saec.
630 4241 669 4304 X
673 4241 828 4304 V-XVI
832 4242 880 4325 ff.
903 4243 978 4320 485,
1000 4243 1172 4305 15·5><ii
1188 4261 1250 4305 cm.
1274 4246 1292 4305 I
1317 4262 1362 4305 m.

734 4362 952 4426 Breviarium
975 4363 1204 4441 praecedente
1226 4365 1434 4427 calendario.

491 4467 525 4524 In
540 4469 632 4526 fronte
648 4469 697 4526 iol.
718 4472 750 4525 1ι
768 4478 942 4527 annotatum
966 4476 1026 4527 emt
1049 4473 1270 4541 monasterium,
1295 4474 1379 4528 cuius
1396 4471 1533 4543 catalogo
1550 4473 1645 4526 codex
1661 4488 1688 4526 a.
1709 4471 1786 4528 1605

389 4561 452 4611 erat
474 4556 642 4627 inscriptus,
668 4559 721 4612 sed
744 4557 894 4630 inscriptio
918 4558 991 4614 haec
1013 4559 1143 4614 radendo
1167 4558 1262 4614 deleta
1285 4565 1339 4616 est.

496 4721 582 4803 1175
974 4723 1032 4800 VI.
1069 4725 1112 4802 G.
1143 4725 1231 4802 loa.

389 4845 578 4911 membran.
600 4864 687 4909 saec.
710 4843 898 4909 XIII—XI
903 4845 930 4907 V
935 4846 983 4929 ff.
1008 4847 1080 4926 194,
1104 4849 1281 4911 16)(12·5
1291 4867 1354 4912 cm.
1379 4852 1397 4911 I
1422 4867 1466 4910 m.

389 4965 685 5044 Antiphonarium
708 4983 788 5029 cum
810 4967 1059 5046 responsoriis,
1094 4967 1189 5031 notis
1212 4967 1358 5031 musicis
1381 4967 1595 5031 instructum
1621 4973 1658 5031 et
1680 4967 1790 5031 moni·

570 5051 682 5115 alibus
706 5053 889 5116 cuiusdam
912 5054 1120 5117 monasterii
1142 5053 1178 5116 in
1200 5053 1372 5118 Bohemia
1394 5055 1608 5134 adaptatum.

1064 5277 1117 5329 470
