3812 5968
1053 515 1111 578 871

491 722 511 785 i.
540 719 740 784 14Ο·-146·’
764 724 797 786 S.
831 723 1017 802 Augustini
1050 723 1152 788 Liber
1186 726 1228 788 de
1260 741 1347 787 vera
1379 730 1415 787 et
1448 724 1537 786 falsa
1560 725 1778 802 poenitentia

391 808 577 888 »Quantum
601 815 643 871 sit
665 810 850 888 appetenda
871 815 999 889 gracia«
1025 813 1058 870 ><
1085 812 1204 873 »odore
1228 817 1260 873 et
1293 817 1475 873 suavitatis,
1522 811 1643 873 Finitur
1666 811 1707 872 de
1729 829 1780 890 pe-

387 901 527 957 nitencia
548 913 626 956 vera
649 905 681 956 et
704 898 815 958 salsa«

494 983 514 1044 1.
544 979 744 1043 ritib-149⁸
775 982 940 1044 Eiusdem
974 983 1160 1061 Speculum
1194 983 1397 1063 peccatoris.
1442 983 1634 1062 »Quoniam
1669 983 1779 1045 iratres

386 1069 558 1140 karissimi,
581 1073 613 1129 in
637 1074 689 1131 via
712 1070 809 1130 huius
832 1071 953 1130 seculi«
981 1071 1020 1148 ><
1047 1071 1155 1149 »quod
1180 1073 1232 1131 tibi
1265 1071 1426 1132 concedat
1459 1073 1519 1140 ille,
1559 1076 1613 1150 qui
1648 1075 1680 1132 in
1716 1088 1778 1132 sec.

387 1173 452 1216 sec.
478 1163 529 1217 est
552 1157 635 1217 deus
659 1156 881 1218 benedictus«

489 1241 509 1303 1.
538 1241 793 1304 1492-150013.
818 1241 977 1304 Anselmi
1000 1241 1265 1305 cantuariensis
1282 1241 1493 1319 »Tractatuq
1516 1245 1692 1321 quomodo
1712 1243 1780 1307 vita

385 1343 532 1406 presens
569 1328 641 1391 iere
674 1334 749 1391 tota
771 1334 826 1392 est
848 1329 1070 1408 inpeccato.«
1121 1329 1248 1391 »Ferret
1279 1330 1354 1409 (sic)
1385 1347 1437 1392 me
1460 1335 1526 1391 vita
1548 1329 1640 1392 mea«
1668 1333 1701 1388 ><
1728 1330 1781 1391 »Et

386 1419 433 1476 sic
457 1421 510 1476 est
532 1415 607 1477 finis
630 1421 786 1477 tractatus
810 1416 839 1477 b.
865 1417 1037 1478 Anzhelmi
1060 1421 1093 1478 in
1119 1421 1275 1496 principio
1298 1417 1445 1478 eiusdem
1471 1419 1627 1478 intitulati.
1660 1417 1779 1478 Finitus

385 1509 436 1562 est
459 1509 567 1562 autem
592 1503 671 1563 liber
693 1507 753 1563 iste
778 1504 840 1564 sub
863 1521 891 1564 a.
921 1503 951 1563 d.
979 1501 1062 1564 1389
1085 1503 1136 1563 die
1159 1501 1232 1566 XVI
1258 1509 1383 1565 mensis
1407 1502 1559 1565 Octobris
1583 1522 1641 1582 per
1664 1521 1780 1566 manus

385 1588 524 1650 Martini
547 1589 620 1650 nati
642 1589 816 1667 quondam
838 1589 980 1651 Henriei
1003 1593 1044 1652 de
1068 1589 1283 1668 Mnychow.‹
1324 1589 1477 1670 Sequitur
1508 1597 1586 1652 nota
1609 1593 1693 1651 alius
1718 1609 1780 1651 ma-

384 1692 448 1736 nus
473 1675 618 1737 radendo
641 1676 748 1737 laesa:
776 1675 989 1737 »Helmoldus
1012 1682 1117 1737 rector
1139 1681 1359 1738 universitatis
1391 1696 1419 1738 a.
1445 1679 1475 1738 d.
1516 1676 1598 1739 1398
1632 1681 1665 1738 in
1700 1677 1780 1738 testo

385 1778 412 1822 s,
437 1761 574 1830 Martini,
600 1764 663 1823 sub
687 1779 752 1843 quo
776 1762 818 1823 65
842 1779 869 1823 s.
894 1764 1041 1824 intitulati
1065 1779 1212 1827 sumus«

488 1850 521 1906 ln
545 1853 683 1925 operculo
707 1867 803 1924 super.
827 1853 1004 1908 intrinsecus
1027 1858 1054 1908 et
1078 1853 1181 1910 insol.
1207 1854 1365 1924 praeligato
1389 1859 1547 1910 occurrunt
1558 1853 1682 1909 Formae
1698 1855 1782 1907 abso·

384 1938 505 1993 lutionis
528 1945 556 1994 et
579 1945 666 1995 notae
689 1941 786 1995 variae
810 1941 1009 2010 indulgentias
1033 1942 1102 1995 anni
1127 1940 1246 1996 iubilaei
1267 1940 1346 1996 1393
1364 1947 1584 1998 concernentes,
1607 1940 1679 1995 item
1696 1956 1780 1994 manu

385 2027 537 2080 recentiori
560 2028 684 2082 additur:
712 2025 787 2081 »Iste
811 2033 855 2081 est
878 2026 951 2082 liber
973 2029 1051 2084 dom.
1076 2025 1246 2081 Wenceslai
1276 2027 1394 2097 plebani
1425 2029 1455 2082 in
1485 2026 1734 2097 Michalowycz‹,
1757 2033 1782 2079 et

384 2112 590 2181 specificantur
613 2119 759 2168 contenta.
783 2111 817 2167 In
840 2113 979 2184 operculo
1003 2113 1083 2170 inser.
1109 2114 1286 2169 intrinsecus
1303 2119 1422 2170 exarata
1437 2121 1481 2169 est
1497 2115 1623 2184 epistola
1639 2113 1781 2168 invectiva

383 2197 414 2252 in
438 2200 584 2268 quendam
608 2202 789 2255 sacerdotem
814 2201 994 2268 mendacem,
1018 2199 1177 2271 plebanum
1211 2200 1354 2256 ecclesiae
1389 2202 1419 2256 in
1452 2200 1567 2255 iuniori
1601 2199 1780 2256 Boleslavia.

383 2282 476 2339 Vetus
502 2287 576 2356 sign.
603 2287 622 2354 i,
646 2287 700 2342 49.

485 2450 555 2532 til
871 2453 909 2528 V.
937 2453 985 2529 D.
1012 2454 1048 2528 3.
1069 2469 1154 2535 (1.1.
1173 2471 1198 2521 s.
1217 2470 1315 2530 aaa>

383 2591 490 2652 chart.
515 2611 547 2654 a.
570 2593 656 2656 1407
678 2594 716 2675 ff.
740 2595 812 2669 263,
835 2595 978 2658 31)(22
1001 2611 1063 2656 cm.
1088 2596 1106 2656 1
1131 2611 1176 2655 111.

618 2714 875 2778 Bartholomaei
898 2715 940 2777 de
963 2713 996 2776 S.
1021 2713 1216 2780 Concordia
1239 2713 1384 2776 Summa
1405 2713 1542 2793 Pisana.

491 2800 511 2860 1.
546 2801 577 2861 1·
610 2799 802 2881 »Quoniam
840 2807 877 2862 ut
906 2806 950 2862 ait
978 2796 1155 2880 Gregorius
1187 2816 1287 2879 super
1315 2799 1540 2862 Ezechielem«
1577 2801 1615 2878 ><
1648 2799 1669 2862 i.
1704 2797 1783 2862 259·

386 2883 679 2949 »consummatum
710 2888 769 2950 luit
798 2890 861 2951 hoc
892 2904 977 2967 opus
1001 2891 1032 2948 in
1056 2891 1183 2948 civitate
1213 2885 1344 2966 Pysana
1367 2885 1482 2966 perir.
1507 2887 1542 2948 B.
1567 2888 1608 2948 de
1633 2885 1667 2950 S.
1692 2885 1782 2950 C...

382 2990 410 3032 a.
436 2975 466 3033 d.
495 2973 577 3036 1338
600 2975 651 3036 die
675 2975 704 3036 7.
729 2979 854 3036 mensis
877 2973 1069 3036 Decembris
1088 3023 1095 3036 .
1114 3021 1122 3034 .
1144 3022 1150 3035 .
1169 2971 1286 3035 Bartol.
1312 2975 1432 3038 oblita.
1453 2973 1534 3034 1347
1552 2975 1604 3035 die
1620 2973 1640 3034 2
1657 2979 1782 3035 mensis

380 3057 481 3119 Julii.‹

489 3145 510 3206 1.
535 3143 742 3208 asab-263·
765 3148 947 3226 Registrum
971 3151 1088 3226 operis,
1113 3150 1145 3207 in
1169 3147 1264 3207 cuius
1287 3147 1353 3208 line
1383 3148 1464 3209 haec
1499 3153 1578 3209 nota
1609 3153 1677 3207 est:
1718 3146 1782 3207 »Fi-

382 3236 448 3292 nita
471 3242 522 3294 est
551 3234 612 3295 hec
643 3233 781 3295 Summa
811 3239 959 3313 proxima
991 3234 1045 3294 ier.
1069 3231 1108 3295 lll
1130 3239 1206 3294 ante
1229 3231 1375 3312 Gregorii
1399 3251 1482 3312 pape
1506 3251 1534 3294 a.
1560 3233 1591 3294 d.
1619 3231 1704 3295 1407
1727 3252 1782 3313 per

381 3335 499 3379 manus
523 3318 672 3398 Philippi
694 3321 811 3399 Sneph
835 3323 876 3383 de
898 3318 1037 3381 Tulna.‹

490 3404 510 3467 i.
535 3403 615 3468 263b
637 3405 792 3468 Testatur
814 3407 947 3487 quidam
970 3404 1139 3468 Johannes
1155 3406 1195 3466 de
1212 3404 1497 3485 Lythomyerzycz
1514 3423 1550 3468 se
1567 3408 1684 3468 librum
1702 3423 1781 3467 ven-

380 3492 504 3554 didisse
529 3494 615 3555 dom.
640 3493 763 3555 Jacobo
787 3512 815 3556 a.
844 3493 925 3556 1422
947 3497 981 3554 in
997 3493 1097 3554 domo
1121 3493 1331 3554 habitationis
1354 3491 1441 3572 Mag.
1466 3490 1629 3555 Cristanni
1647 3497 1779 3556 rectoris

380 3580 496 3640 eccles
521 3597 548 3641 s.
572 3579 750 3643 Michaelis.

482 3749 563 3831 872
862 3749 900 3826 V.
928 3752 975 3826 D.
1004 3750 1040 3823 4.
1069 3765 1114 3828 (Y.
1139 3765 1160 3816 1.
1183 3768 1213 3821 3.
1230 3781 1256 3816 n.
1273 3769 1328 3818 aar

379 3889 485 3950 chart.
508 3907 596 3954 saec.
619 3889 816 3954 XIV-XV
821 3891 869 3974 ff.
891 3891 953 3953 121
978 3908 1081 3968 num„
1104 3890 1182 3952 305
1193 3888 1222 3953 ><
1236 3890 1276 3951 21
1311 3908 1374 3956 cin.
1396 3889 1415 3951 1
1441 3907 1486 3952 m.

638 4013 848 4077 Psalterium
872 4030 951 4075 cum
974 4013 1093 4092 glossa
1116 4010 1292 4090 (Richardi
1314 4009 1521 4088 cuiusdam).

485 4098 506 4159 1.
541 4102 575 4159 1·
599 4099 739 4179 »Magna
773 4101 945 4178 spiritualis
978 4099 1185 4161 iocunditatis
1214 4101 1363 4159 novitas«
1399 4098 1433 4156 ><
1455 4096 1475 4158 f.
1511 4096 1589 4158 121·
1622 4097 1779 4176 »Explicit

378 4187 564 4270 psalterium
589 4203 664 4248 cum
687 4187 810 4264 glosa«
837 4184 1025 4265 Sequuntur
1046 4186 1220 4263 Augustini
1243 4185 1344 4245 verba
1378 4184 1419 4244 de
1443 4183 1538 4245 laude
1567 4184 1778 4262 psalmorum.

485 4274 648 4347 liegistrum
678 4277 891 4348 adglutinatum
928 4282 972 4332 est
1001 4276 1138 4347 operculo
1168 4274 1305 4331 interiori.
1335 4272 1368 4328 ln
1392 4273 1531 4346 operculo
1554 4289 1652 4345 super.
1676 4275 1723 4329 hic
1746 4276 1780 4328 ti-

376 4363 457 4419 tulus
489 4369 553 4418 est:
586 4363 777 4419 »Psalterium
807 4379 874 4418 cum
896 4362 1032 4419 Richardi
1065 4363 1189 4433 glosa‹;
1213 4364 1265 4417 sed
1289 4361 1356 4433 quis
1379 4362 1427 4416 hic
1450 4359 1483 4417 R.
1507 4360 1602 4430 luerit,
1631 4375 1777 4432 nusquam

376 4455 498 4520 reperio.
523 4447 615 4505 Vetus
639 4451 715 4521 sign.
738 4448 772 4520 B,
799 4449 851 4507 40.

479 4616 562 4698 873
855 4616 897 4692 V.
925 4617 974 4691 D.
1002 4617 1038 4690 5.
1066 4631 1151 4698 (1.1.
1170 4633 1195 4683 r.
1214 4647 1238 4682 n.
1257 4633 1312 4696 aa.)

376 4755 483 4818 chart.
507 4773 593 4818 saec.
617 4755 674 4818 XI
677 4755 706 4816 V
723 4759 754 4818 et
774 4753 844 4818 XV
850 4755 896 4838 ff.
920 4755 987 4818 155
1006 4772 1109 4832 num„
1130 4755 1211 4818 29¹5
1221 4759 1252 4811 ><
1270 4755 1311 4816 21
1337 4772 1399 4817 cm.
1423 4755 1454 4816 d.
1472 4772 1516 4816 m.

483 4876 503 4939 1.
533 4873 669 4940 1·-15··
692 4877 725 4940 S.
749 4875 922 4939 Johannis
946 4875 1193 4955 chrysostomi
1215 4875 1294 4937 libri
1310 4875 1378 4937 duo
1401 4875 1444 4938 de
1459 4874 1575 4938 cordis
1592 4891 1778 4954 eompune·
1886 4913 1887 4916 =

374 4963 481 5025 tione.
509 4963 611 5026 »Cum
635 4969 665 5025 te
688 4968 826 5038 intueor,
850 4964 881 5025 b.
905 4961 1065 5024 Demetri«
1095 4960 1122 5026 ><
1153 4962 1361 5024 »mortalibus
1385 4961 1556 5024 flammis«

1049 5186 1101 5238 ³56
