3844 5968
801 573 865 635 269

237 784 258 845 i.
283 769 490 846 2olb-390t
526 782 686 844 »Libellus
719 789 831 845 noster
865 783 1037 844 declarans
1067 785 1201 846 morbos
1232 789 1264 845 in
1294 803 1413 864 genere
1448 791 1535 851 etin

126 875 257 949 specie«
285 873 317 928 ><
343 869 403 931 »Et
425 875 472 932 sic
495 875 547 932 est
569 869 645 932 finis
669 869 812 931 Praetice
836 875 948 931 nostre
972 871 1013 930 de
1039 871 1162 932 morbis
1178 881 1209 932 et
1222 873 1373 936 remediis
1390 874 1534 937 humane

126 963 274 1019 nature«

235 1062 256 1122 f.
281 1057 488 1122 3901-3911
513 1060 562 1122 De
585 1062 749 1122 caloribus
773 1065 805 1122 et
828 1061 1011 1139 saporibus

237 1166 258 1228 i.
283 1164 489 1226 3921-4101ει
518 1165 631 1226 »Dieta
653 1169 869 1227 communis«

244 1269 264 1330 f.
288 1266 495 1331 lou-aiut
522 1269 714 1331 ›Tractatus
737 1255 777 1330 de
801 1275 931 1331 urinis«

234 1374 255 1434 f.
280 1369 486 1434 eloh—⁴114b
513 1373 580 1435 »De
607 1379 758 1453 serpente
782 1382 814 1434 et
838 1374 878 1435 de
902 1379 1069 1436 venenis«

239 1478 259 1538 1.
284 1472 490 1539 4141-417ει
516 1477 709 1539 »Tractatus
734 1479 774 1539 de
798 1479 978 1557 pulsibus«

237 1581 488 1643 14171-420Ε
515 1580 667 1644 »Cautele
694 1581 895 1643 medicorum
918 1588 1033 1644 contra
1057 1583 1280 1662 deceptores«

235 1686 254 1746 1.
279 1685 487 1747 4202-4442
507 1685 680 1766 »Sequitur
695 1687 804 1746 tabula
831 1690 1031 1748 narracionis
1048 1687 1176 1749 fortune
1189 1706 1265 1750 cum
1282 1707 1344 1751 sua
1359 1695 1528 1770 practica«

238 1791 259 1854 t.
283 1787 490 1852 4441-4471
512 1789 736 1854 Chiromantia
758 1809 833 1852 eum
859 1790 1074 1853 delineatione
1101 1811 1268 1856 manuum.

238 1894 259 1955 1.
282 1891 489 1956 4481-4581
514 1893 687 1973 »Sequitur
710 1895 899 1972 (Alexandri
923 1895 963 1955 de
989 1894 1072 1957 Villa
1096 1895 1169 1975 Dei)
1191 1897 1304 1961 Biblia
1318 1916 1529 1978 pauperum

125 1979 280 2060 (Versus
304 1980 621 2060 mnemotecbnici).

238 2085 258 2146 i.
281 2080 487 2146 458b-464b
511 2085 594 2147 Libri
619 2089 696 2146 iuris
721 2089 868 2147 canonici
893 2090 924 2146 et
947 2087 1056 2163 legum
1079 2088 1217 2151 breviter
1239 2095 1343 2169 positi.

237 2189 257 2250 l.
281 2185 487 2250 mab-lim
514 2191 645 2268 »incipit
667 2189 746 2250 liber
768 2186 996 2248 Grohtonsitra
1023 2195 1232 2253 sanctissime
1264 2197 1393 2256 insertis
1416 2196 1533 2274 magni

123 2275 306 2355 Apollonii
332 2274 511 2337 »Floribus
533 2276 668 2337 aureis«
695 2277 728 2332 ><
754 2274 813 2335 »Et
848 2279 894 2334 sie
927 2280 978 2335 est
1011 2275 1086 2338 finis
1118 2279 1217 2340 huius
1241 2285 1462 2343 sacratissime
1486 2284 1532 2344 di·

124 2367 200 2424 vine
225 2367 304 2424 artis
328 2367 445 2441 scripte
469 2381 526 2442 per
549 2362 569 2423 f.
594 2361 638 2422 M.
662 2361 753 2423 Ber«

236 2467 256 2528 i.
280 2466 470 2529 4762—484
503 2469 567 2528 Ars
598 2471 810 2528 memorativa
840 2466 949 2544 (cuius
980 2468 1057 2530 finis
1088 2468 1311 2546 adglutinatus
1346 2478 1397 2533 est
1427 2478 1530 2536 asseri

123 2554 265 2615 interiori
289 2571 365 2615 cum
399 2554 500 2614 hacce
531 2555 694 2616 clausula:
745 2553 805 2614 »Et
838 2554 898 2614 hec
931 2556 1070 2617 breviter
1101 2557 1238 2618 collecta
1273 2556 1439 2621 sufficiant
1473 2577 1531 2640 pro

123 2647 241 2702 nostro
264 2639 488 2703 Contundario
512 2641 707 2719 supplendo.
753 2640 812 2701 Per
842 2657 894 2701 me
924 2639 965 2702 fr.
989 2641 1033 2702 M.
1057 2642 1134 2704 Ber.
1158 2643 1298 2705 exulem
1321 2647 1531 2709 canonicum

122 2727 321 2806 regularem
353 2728 394 2788 de
428 2723 743 2808 (Rudnic-erasum)
777 2744 877 2788 manu
912 2745 985 2788 mea
1020 2734 1148 2808 propria
1183 2735 1303 2810 scripta
1337 2749 1393 2810 per
1431 2736 1532 2796 multa

123 2831 288 2876 annorum
313 2821 460 2892 tempora
483 2831 539 2892 per
562 2814 710 2874 diversas
734 2820 835 2875 terras
859 2818 891 2874 et
903 2815 975 2875 loca
999 2822 1168 2894 pervarie
1191 2822 1223 2877 et
1238 2822 1319 2878 mira
1334 2822 1531 2898 exemplaria

122 2902 165 2962 ad
191 2902 324 2962 laudern
348 2906 379 2961 et
400 2901 535 2978 gloriam
559 2900 610 2961 dei
634 2905 867 2978 omnipotentis
891 2907 923 2962 et
945 2906 1093 2963 omnium
1107 2909 1298 2965 sanctorum
1315 2911 1347 2967 et
1361 2909 1530 2968 utilitatem

122 2993 273 3049 omnium
298 2989 546 3049 christianorum
569 2988 669 3063 (rubr.
680 2986 701 3064 z)
725 3005 754 3048 a.
779 2987 810 3049 d.
837 2986 918 3048 1431
937 2989 1075 3050 sabbato
1096 2995 1172 3068 post
1194 2997 1424 3054 ascensionem
1441 2995 1528 3056 dom.

121 3075 159 3137 in
184 3074 343 3137 Erfordia
366 3074 403 3135 in
426 3073 529 3135 domo
552 3090 772 3151 pauperum«

234 3183 341 3238 Postea
364 3184 459 3237 codex
482 3182 513 3236 in
537 3183 715 3236 monasterio
739 3179 918 3236 Tlebonensi
942 3181 1035 3237 luisse
1061 3183 1187 3253 videtur,
1212 3189 1244 3238 ut
1267 3185 1419 3242 declarant
1441 3189 1529 3244 verba

122 3271 153 3324 in
177 3270 275 3325 tronte
298 3269 348 3326 lol.
379 3269 390 3323 1
416 3273 541 3340 scripta:
570 3267 820 3323 »Rudnicensium
843 3268 917 3323 liber
939 3275 995 3338 est,
1020 3284 1081 3324 non
1107 3275 1236 3328 noster«.
1261 3270 1319 3326 Sed
1343 3279 1453 3328 mature
1470 3291 1529 3330 non

122 3358 256 3412 redditus
286 3357 417 3426 pervenit
439 3356 469 3408 in
493 3355 565 3411 bibl.
591 3353 845 3424 Rosenbergicam,
878 3356 955 3409 unde
981 3355 1132 3410 restitutus
1155 3361 1200 3411 est
1223 3363 1400 3415 monasterio
1422 3359 1531 3418 'siebo-

121 3459 219 3500 nensr.

228 3609 310 3691 268
742 3609 772 3684 I.
800 3611 840 3685 F.
868 3611 930 3686 36.

119 3751 232 3812 chart.
255 3767 343 3811 saec.
359 3747 427 3810 XV
437 3747 486 3829 ss.
511 3749 576 3812 228
598 3767 701 3826 num„
725 3749 764 3811 21
780 3751 871 3812 ><15
892 3769 955 3812 cm.
980 3753 998 3813 1
1024 3771 1068 3813 m.

233 3871 253 3932 t.
284 3871 440 3932 11-129ι
464 3871 654 3933 Sermones
678 3872 720 3933 de
743 3871 911 3948 passione
934 3872 1068 3935 domini
1091 3875 1275 3936 secundum
1300 3875 1342 3936 65
1365 3877 1527 3947 articulos.

124 3958 264 4019 »Audite
288 3959 426 4019 obsecro
449 3963 591 4019 universi
614 3960 743 4037 populi«
769 3959 802 4015 ><
828 3957 945 4021 »Omni
970 3961 1121 4021 custodia
1153 3978 1249 4022 serva
1272 3969 1442 4024 cortuum
1467 3969 1527 4025 etc.

122 4043 213 4106 Laus
238 4045 292 4105 tibi
316 4043 452 4108 Crista«

232 4148 253 4209 i.
282 4145 482 4210 1302—228b
505 4147 694 4211 Sermones
717 4149 817 4225 varii,
842 4167 986 4227 quorum
1011 4168 1087 4230 pars
1111 4155 1229 4212 iterum
1254 4153 1294 4212 de
1319 4157 1483 4232 passione.

232 4255 377 4326 Operculo
400 4257 482 4312 inter.
507 4259 668 4328 adligatum
691 4263 736 4312 est
758 4257 952 4328 fragmentum
974 4261 1136 4315 membran.
1154 4259 1265 4317 codicis
1281 4259 1436 4316 cuiusdam
1448 4277 1527 4318 saec.

120 4341 191 4398 XIV
216 4358 328 4413 argum.
352 4343 458 4413 philos.
483 4343 527 4399 Ex
551 4344 730 4400 monasterio
753 4341 944 4400 l’iebonensi.

227 4509 307 4591 269
737 4510 765 4588 I.
793 4512 833 4591 F.
860 4513 922 4588 37.

120 4651 229 4713 chart.
253 4667 341 4713 saec.
365 4648 435 4712 XV
450 4647 488 4733 ff.
512 4651 577 4713 314
600 4669 702 4728 nram„
727 4651 766 4713 21
781 4652 871 4714 ><15
891 4669 955 4714 cm.
980 4653 1011 4714 d.
1037 4671 1080 4714 m.

231 4771 420 4834 Sermones
445 4773 575 4835 diversi
598 4790 679 4835 cum
701 4772 831 4850 glossis
855 4774 1048 4837 bohemicis
1072 4780 1196 4855 passim
1228 4779 1483 4842 occurrentibus

232 4861 377 4933 Operculo
401 4877 499 4934 super.
523 4864 670 4934 adligatae
693 4870 763 4920 sunt
786 4866 906 4921 membr.
930 4866 1043 4921 litterae
1066 4865 1216 4922 Elisabeth
1232 4869 1424 4939 imperatricis
1441 4871 1527 4924 datae

121 4945 233 5019 Pragae
256 4951 287 5004 in
310 4949 356 5007 die
386 4965 411 5009 s.
435 4949 584 5006 Francisci
608 4967 634 5008 a.
660 4947 772 5027 (13)83
804 4949 901 5007 Lucae
924 4953 1078 5023 capellano
1102 4969 1154 5024 pro
1177 4955 1262 5010 salvo
1285 4957 1444 5012 conductu.
1480 4955 1527 5012 Ad

122 5035 205 5092 inser.
230 5035 390 5106 adligatum
421 5043 466 5092 est
489 5035 623 5097 instrum.
655 5040 775 5094 membr.
800 5039 881 5108 publ.
906 5041 1014 5094 notarii
1037 5039 1183 5095 Jolrannis
1206 5042 1276 5097 olim
1303 5039 1467 5097 Marssonls
1490 5044 1527 5098 de

803 5259 849 5309 111
