3830 5966
1027 563 1108 623 1145

498 768 519 828 1.
548 765 748 829 1131-1221
771 767 916 830 Alkindi
939 769 1039 831 Dicta
1061 768 1118 848 (de
1142 769 1279 832 aeribus
1306 776 1340 832 et
1356 771 1509 849 pluviis).
1539 771 1706 850 »Rogatus
1725 775 1790 834 lui«

390 857 422 912 ><
450 855 510 916 »Et
532 859 579 916 sic
602 860 654 917 est
675 855 751 916 linis
776 855 905 917 Alkindi
929 872 986 934 per
1018 855 1194 918 Andream
1228 856 1353 919 Ruczel
1389 859 1431 919 de
1465 857 1599 921 Costan
1639 864 1671 921 in
1706 864 1792 938 vigil.

390 942 529 1020 Margar.
553 958 581 1002 a.
609 939 691 1002 1441
715 946 747 1002 in
772 943 872 1002 bursa
894 958 1105 1020 pauperum.-

499 1029 518 1089 1.
547 1025 749 1090 1232-12312
772 1027 875 1089 Notae
900 1029 940 1089 de
966 1032 1094 1108 pluviis.

499 1113 518 1176 1.
550 1111 749 1177 124⁸-124b
776 1114 844 1176 »De
868 1117 1076 1176 revolucione
1100 1115 1213 1176 mundi
1237 1123 1269 1176 et
1292 1117 1427 1177 domino
1450 1122 1557 1179 anni«

498 1201 518 1262 1.
547 1201 944 1263 1251-132111111111111
967 1201 1184 1280 Trismegisti
1207 1201 1338 1264 Floras.
1388 1202 1523 1265 »Omnis
1557 1207 1690 1284 planeta
1730 1209 1791 1266 sub

390 1291 461 1350 luce
486 1290 583 1349 solis«
611 1292 643 1346 ><
670 1287 776 1349 »Finis
793 1287 909 1349 llorum
926 1290 990 1349 divi
1006 1287 1169 1350 Hermetis
1193 1306 1250 1367 per
1272 1289 1448 1351 Andream
1481 1292 1523 1352 de
1547 1290 1682 1354 Costan
1705 1311 1735 1352 a.
1760 1295 1789 1352 d.

393 1372 477 1437 1441
501 1379 533 1436 in
559 1375 667 1437 studio
691 1374 902 1436 Cracoviensi
925 1380 958 1436 in
982 1376 1083 1436 bursa
1106 1393 1317 1454 pauperum«

499 1462 518 1523 1.
550 1458 749 1522 1321-1351
787 1462 1013 1523 »Albumazar
1034 1460 1175 1524 Florum
1198 1461 1239 1523 de
1263 1461 1406 1524 domino
1430 1463 1512 1524 anni
1536 1470 1571 1526 et
1594 1466 1789 1528 eventibus.

390 1547 478 1609 Dixit
500 1549 714 1610 Albumazar:
761 1545 914 1627 Oportet<
941 1551 973 1606 ><
1000 1549 1180 1626 »significat
1220 1549 1348 1610 bellum.
1395 1549 1436 1610 Et
1458 1554 1489 1611 in
1514 1552 1577 1612 hoc
1602 1558 1790 1614 terminatur

390 1652 475 1714 opus
499 1637 596 1695 huius
620 1638 789 1696 sciencie«

498 1721 519 1782 1.
548 1721 606 1783 136
630 1719 733 1782 Notae
756 1725 864 1782 variae
888 1723 1113 1799 astrologicae.

499 1808 519 1868 1.
549 1807 750 1869 1371-1421
774 1806 898 1869 Galerii
931 1806 1127 1869 Anatomia.
1178 1806 1352 1868 »Gallenos
1387 1815 1524 1870 testatur
1558 1815 1590 1872 in
1624 1816 1729 1891 tegni«
1758 1817 1784 1866 >r

394 1896 463 1956 »vel
487 1900 612 1956 tantum
637 1897 786 1956 leminas.
812 1893 903 1972 Expl.
928 1895 1117 1956 anathomia
1140 1893 1296 1955 Galloni«

498 1981 519 2043 1.
547 1977 1096 2043 1421-1431111101111111111111
1120 1979 1416 2043 noval’ractatns
1451 1986 1493 2044 de
1527 1983 1708 2046 benedicta
1741 2001 1789 2046 ar-

391 2068 473 2130 bore
496 2068 663 2146 quercina
685 2067 830 2145 eiusque
865 2065 1035 2129 fructibus
1059 2068 1103 2130 ad
1118 2067 1328 2129 Richardum
1351 2067 1456 2146 episc.
1488 2069 1789 2133 cantuariensem.

499 2155 520 2216 1.
548 2154 749 2217 1411-147ι
783 2155 959 2216 Abraham
993 2155 1090 2216 Abeo
1123 2153 1213 2215 Esra
1253 2156 1313 2216 »de
1348 2155 1471 2218 diebus
1505 2157 1663 2219 creticis‹
1702 2162 1788 2230 (sic).

395 2241 576 2302 »Abraham
601 2243 788 2304 Auennerre
812 2244 844 2301 111
867 2246 1004 2302 tractatu
1028 2257 1090 2301 suo
1114 2241 1155 2300 de
1179 2242 1296 2301 diebus
1330 2247 1475 2303 creticis«
1506 2249 1535 2301 ><
1563 2244 1676 2323 ›Expl
1714 2246 1790 2304 liber

391 2329 582 2390 Auennerre
605 2329 646 2389 de
671 2329 882 2390 luminaribus
907 2332 976 2387 sive
1000 2327 1116 2388 diebus
1133 2331 1259 2388 creticis
1287 2345 1344 2405 per
1376 2329 1552 2392 Andream
1588 2331 1714 2393 Ruczel
1748 2333 1789 2392 de

390 2413 554 2477 costen«

502 2501 521 2562 1.
551 2498 753 2563 1471-1481
776 2498 879 2561 Notae
904 2500 1051 2560 medicae
1076 2506 1108 2562 et
1130 2501 1355 2577 astrologicae.

499 2587 519 2648 1.
549 2583 747 2650 1191--149ὴ
775 2588 999 2665 »Algorismus
1024 2588 1063 2646 de
1088 2587 1389 2665 proporcionibus.«

500 2674 520 2735 1.
549 2674 748 2735 1502-1552
771 2672 918 2735 Arnoldi
941 2674 983 2734 de
999 2671 1091 2734 Villa
1114 2689 1207 2734 nova
1229 2673 1411 2736 Tractatus
1434 2677 1684 2738 astronomiae.
1724 2677 1789 2738 »De

391 2763 452 2821 hiis
476 2777 540 2841 que
565 2767 716 2840 spectant
738 2761 779 2820 ad
804 2761 968 2822 medicum
988 2806 994 2818 .
1015 2807 1021 2820 .
1042 2808 1048 2821 .
1068 2762 1118 2820 vel
1143 2766 1299 2821 tractatus
1324 2762 1578 2823 introductorius
1602 2763 1645 2824 ad
1670 2764 1786 2824 iudicia

390 2852 608 2909 astronomia«
638 2851 674 2923 ><
702 2847 762 2908 »Et
784 2851 831 2906 sic
855 2853 906 2907 est
929 2846 1004 2908 finis
1028 2847 1126 2907 huius
1140 2847 1232 2906 libelli
1246 2864 1303 2925 per
1313 2847 1490 2909 Andream
1503 2849 1545 2910 de
1559 2848 1721 2911 Castam·

498 2935 519 2995 1.
549 2931 749 2996 1552-16212
786 2929 960 2996 ,iohannis
998 2932 1222 3010 Hispalensis
1260 2933 1511 3012 Quadripertiti
1549 2935 1661 3012 prima
1698 2953 1787 3015 pars.

395 3021 580 3082 »Zodiacus
604 3021 771 3082 dividitur«
801 3025 830 3076 >1
857 3019 969 3098 »Expl
995 3025 1098 3098 prima
1120 3037 1196 3098 pars
1221 3019 1450 3098 Quadripertiti
1475 3020 1702 3100 ispalensis«

499 3107 520 3168 1.
550 3107 624 3169 1631
648 3105 772 3168 Versus
797 3108 837 3168 de
861 3109 984 3168 viribus
1008 3107 1200 3168 herbarum:
1229 3105 1429 3168 »Herbarum
1455 3109 1616 3186 quasdam
1643 3111 1787 3171 dicturus

391 3211 533 3255 carmine
560 3211 664 3254 vires«
687 3241 694 3254 .
716 3244 720 3254 .
742 3241 775 3254 ..

499 3280 520 3341 1.
551 3279 748 3342 1641-1671
774 3279 963 3342 ›Mirabilia
987 3279 1107 3340 mundi
1131 3280 1172 3340 de
1206 3278 1299 3340 XXII
1334 3279 1484 3358 regibus
1520 3281 1604 3342 Cum
1642 3284 1787 3343 sublimis

392 3372 524 3429 natura«
552 3369 584 3426 ><
610 3367 670 3428 »Et
693 3371 740 3428 sic
763 3367 873 3428 linitur
895 3371 1028 3427 materia
1052 3383 1218 3444 presens«

499 3454 520 3516 1.
549 3451 750 3516 11171--1691
774 3451 878 3514 Notae
902 3457 1010 3513 variae
1034 3453 1260 3530 astrologicae.

500 3543 520 3602 1.
551 3538 861 3617 1701-175111111.
885 3537 1025 3600 Martini
1049 3538 1153 3614 Regis
1175 3540 1244 3601 Ars
1268 3537 1511 3600 metrificandi.
1561 3539 1630 3600 »Ad
1655 3558 1788 3620 compo-

393 3631 549 3689 sicionem
574 3633 770 3688 metrorum«
796 3628 835 3704 ><
864 3625 975 3705 »Expl
1000 3643 1054 3687 ars
1079 3631 1168 3686 metr.
1206 3626 1335 3686 subtilis
1358 3642 1379 3685 1
1401 3624 1488 3703 Mag.
1523 3625 1665 3688 Martino
1705 3627 1787 3706 Rege

392 3718 574 3792 composita
597 3731 654 3792 per
675 3712 851 3774 Andream
874 3713 996 3774 baccal.
1021 3712 1062 3773 de
1086 3711 1218 3774 Costan
1242 3717 1363 3791 scripta
1386 3729 1484 3792 quam
1516 3717 1567 3772 vis
1599 3731 1667 3775 non
1711 3717 1788 3775 bene

391 3807 537 3862 correcta
559 3807 633 3861 ante
657 3799 778 3861 festum
801 3797 885 3860 Galli
912 3797 1059 3877 (14)48.«

500 3923 653 3996 Operculis
677 3923 807 3994 adligata
829 3929 899 3978 sunt
922 3922 1082 3993 fragmenta
1097 3924 1256 3980 membran.
1274 3922 1386 3979 codicis
1410 3923 1565 3979 cuiusdam
1584 3933 1696 3982 astron.
1715 3945 1787 3982 saec.

391 4011 456 4067 XV.
480 4011 522 4066 Ex
546 4012 617 4067 bibl.
640 4011 856 4080 Rosenbergica
879 4012 974 4064 codex
999 4016 1125 4066 monast.
1149 4007 1329 4066 Trebonensi
1353 4011 1466 4081 obtigit.

497 4247 596 4328 1145
1025 4246 1080 4322 VI.
1109 4246 1149 4323 F.
1177 4248 1213 4321 8.

392 4406 499 4466 clrorl.
524 4425 556 4468 a.
580 4406 666 4469 1679
676 4404 722 4487 ff.
746 4405 807 4466 201
833 4422 937 4482 num„
960 4405 1000 4466 21
1016 4404 1104 4466 ><16
1125 4421 1189 4465 cm.
1213 4403 1245 4464 d.
1269 4421 1313 4464 m.

496 4548 609 4604 Folium
634 4548 719 4615 rituli,
743 4547 773 4602 in
796 4563 855 4618 qun
878 4561 986 4602 nomen
1011 4547 1139 4601 auctoris
1162 4546 1253 4601 luisse
1276 4547 1399 4614 videtur,
1423 4547 1557 4602 evulsum
1581 4555 1636 4602 est.
1704 4583 1705 4588 .

391 4648 630 4711 Fundamenta
666 4648 861 4727 theologiae
897 4645 1040 4709 moralis
1075 4650 1110 4708 et
1144 4646 1314 4725 regularis
1349 4646 1386 4706 ln
1416 4647 1520 4709 breve
1543 4647 1790 4725 compendium

510 4754 658 4815 redacta.
682 4752 862 4834 (Praecedit
885 4753 1075 4830 protestatio
1098 4752 1258 4828 generalis
1282 4749 1360 4811 data
1383 4747 1434 4810 23.
1459 4768 1526 4829 apr.
1555 4748 1666 4828 1619).

501 4875 571 4936 Hiis
594 4875 771 4936 accedunt:

500 4979 519 5042 1.
548 4977 747 5040 1981-1991
770 4977 966 5038 Selectiores
1004 4978 1131 5055 aliquae
1169 4979 1382 5057 quaestiones
1419 4981 1451 5036 et
1489 4977 1710 5036 resolutiones
1749 4989 1788 5033 ex

393 5065 518 5127 Dianae
542 5067 696 5144 operibus
719 5063 783 5128 Xll.

1065 5285 1117 5338 4112
