3844 5968
1065 578 1130 641 258

504 793 524 853 i.
553 785 755 853 130⁸-224b
778 788 912 852 Alberti
933 786 1053 867 Magni
1092 787 1236 850 Summa
1272 788 1329 852 vel
1368 789 1541 868 principia
1577 789 1804 854 naturalium.

398 877 559 960 »Explicit
581 875 720 940 Summa
742 877 938 938 naturalium
962 875 1084 937 Alberti
1108 873 1228 954 Magni.
1267 875 1308 936 Et
1330 882 1408 938 sunt
1432 875 1523 940 finita
1558 896 1615 957 per
1637 876 1804 939 ⁶-Crucem

396 967 439 1029 de
460 965 560 1029 Telez
581 969 613 1025 in
638 962 823 1026 Sobieslaw
846 963 986 1024 sabbato
1010 967 1086 1024 ante
1109 961 1231 1024 festum
1255 961 1289 1025 S.
1314 961 1397 1024 Galli
1415 1011 1422 1024 .
1441 1011 1474 1025 ..
1497 981 1527 1025 a.
1552 965 1582 1026 d.
1610 962 1723 1027 l455.«

500 1069 521 1130 i.
545 1069 625 1134 225·
649 1066 752 1130 Notae
776 1071 897 1140 variae,
922 1083 973 1128 ex.
998 1084 1043 1146 gr.
1069 1066 1110 1127 de
1133 1066 1268 1128 Jasone.

500 1171 751 1234 12211416ι
778 1171 840 1233 »ii
873 1169 994 1250 Erphii
1018 1170 1091 1250 (vel
1113 1169 1257 1250 Erpbei)
1282 1171 1573 1235 commentatoris
1609 1189 1638 1234 s.
1671 1171 1805 1235 Thome

395 1259 579 1324 tractatus
614 1259 766 1321 clavium
799 1258 841 1320 de
877 1257 1140 1320 intencionibus
1174 1256 1287 1336 prima
1320 1264 1357 1321 et
1395 1261 1581 1322 secunda«
1607 1261 1641 1318 ><
1668 1262 1805 1321 »volens

396 1347 486 1426 quod
509 1352 573 1408 ista
595 1345 760 1408 subiciant
783 1346 824 1406 de
848 1346 989 1407 clavium
1014 1349 1200 1406 intencione
1224 1343 1311 1407 dicta
1328 1393 1335 1407 .
1354 1389 1387 1408 ..
1411 1345 1453 1408 Et
1477 1353 1554 1407 sunt
1577 1347 1658 1408 finiti
1670 1351 1702 1408 in
1713 1345 1805 1406 Wis-

397 1435 538 1513 segrado
572 1451 600 1495 a.
638 1433 669 1494 d.
705 1431 788 1495 1458
818 1449 934 1495 mense
965 1431 1129 1492 Februarii
1160 1435 1192 1491 in
1224 1435 1319 1510 signo
1356 1435 1476 1502 arietis,
1500 1449 1622 1494 aureus
1646 1449 1805 1495 numerus

397 1525 478 1583 etc«

501 1606 522 1668 l.
547 1603 752 1668 areb-261⁸
776 1606 874 1667 Adae
895 1605 1037 1682 pulcrae
1060 1603 1220 1667 mulieris
1249 1602 1454 1668 Memoriale
1486 1605 1709 1668 naturalium.
1755 1605 1805 1684 (ln

398 1697 559 1773 margine:
610 1693 692 1756 »Iste
716 1697 767 1754 est
789 1693 902 1754 titulus
926 1695 1021 1753 istius
1045 1696 1221 1753 tractatus:
1268 1690 1458 1753 Memoriale
1492 1709 1599 1754 rerum
1623 1691 1806 1754 difficilium

397 1785 492 1842 istius
515 1783 638 1842 autoris
662 1780 733 1841 Ade
757 1780 867 1858 pulcre
890 1780 1036 1840 mulieris
1059 1777 1281 1856 cuiusdam).
1310 1777 1369 1840 »Et
1391 1784 1496 1859 primo
1519 1783 1552 1841 in
1575 1781 1639 1841 hoc
1661 1780 1806 1858 capitulo

398 1883 471 1928 mee
486 1871 681 1929 intencionis
704 1872 756 1928 est
778 1881 885 1926 rerum
910 1866 1105 1927 naturalium
1130 1863 1310 1925 difficiliora
1326 1865 1465 1927 breviter
1488 1867 1657 1945 colligere«
1676 1867 1708 1923 ><
1729 1870 1806 1926 »im-

397 1954 553 2034 possibile
565 1959 617 2014 est
628 1954 748 2033 aliquid
771 1969 885 2014 eorum
910 1967 1087 2015 remanere.
1101 1951 1215 2012 Ethee
1229 1950 1270 2012 de
1283 1957 1456 2032 questione
1490 1951 1656 2014 sufficiant
1678 1957 1711 2014 in
1735 1969 1807 2031 pre-

398 2045 510 2102 senti«

420 2231 441 2292 b
501 2143 523 2205 i.
547 2140 627 2205 2611)
651 2142 833 2222 Registrum
857 2145 967 2220 operis
993 2142 1238 2220 subsequentis
1273 2145 1324 2202 cui
1361 2141 1455 2204 deest
1488 2147 1613 2204 initium
1636 2159 1704 2205 uno
1727 2141 1806 2203 folio

398 2249 420 2292 a
443 2235 563 2292 scisse.

501 2334 523 2396 1.
548 2332 751 2395 2622-282·
773 2331 1010 2412 Quaestiones
1034 2332 1077 2392 de
1099 2331 1361 2394 universalibus
1386 2337 1418 2393 in
1441 2332 1484 2394 34
1506 2335 1659 2394 articulis.

505 2421 525 2481 i.
550 2419 724 2483 282-283
746 2417 851 2480 Notae
874 2423 984 2479 variae
1008 2418 1266 2497 philosophicae.

505 2507 526 2568 s.
550 2501 754 2569 284⁸--302b
777 2504 811 2567 S.
834 2503 987 2567 Thomas
1011 2502 1200 2582 Aquinatis
1223 2503 1260 2565 ln
1282 2504 1412 2567 librum
1442 2507 1486 2568 de
1517 2506 1637 2569 causis
1660 2504 1808 2585 (Alphe-

401 2592 503 2672 rabii)
527 2593 815 2657 commentarius.
842 2589 979 2653 »Omnis
1003 2607 1106 2653 causa
1141 2595 1309 2671 primaria«
1337 2593 1369 2650 ><
1396 2591 1467 2653 »iac
1501 2611 1554 2654 me
1578 2594 1632 2655 tibi
1655 2598 1807 2671 accepta-

401 2682 510 2742 bilem.
534 2681 576 2742 Et
598 2685 646 2742 sic
669 2686 721 2741 est
744 2678 829 2752 finis,
854 2695 912 2757 pro
936 2694 1003 2758 quo
1028 2679 1112 2739 deus
1135 2679 1286 2740 laudetur
1307 2682 1339 2739 in
1362 2683 1490 2740 astris«

505 2766 527 2830 1.
550 2761 753 2828 303··-3071
776 2764 924 2844 Registra
946 2781 1083 2843 operum
1107 2764 1221 2826 codice
1244 2765 1307 2826 hoc
1332 2771 1560 2828 contentorum
1583 2783 1684 2828 manu
1700 2765 1809 2827 fratris

401 2852 524 2917 Crucis
548 2856 590 2916 de
612 2853 713 2916 Telcz
736 2869 767 2916 a.
793 2851 876 2915 149⁵
903 2855 935 2914 in
959 2855 1161 2914 monasterio
1183 2845 1390 2914 Tiebonensi
1414 2857 1610 2914 concinnata
1633 2853 1734 2927 (·sub
1751 2853 1808 2913 ab·

401 2941 475 3002 bate
498 2941 611 3002 Marco
635 2940 675 3002 de
698 2938 860 3012 Trachon,
885 2937 1037 3001 Johanne
1061 2941 1166 3017 priore
1191 2937 1231 2998 de
1254 2935 1459 3018 Tissnow«).

504 3047 615 3104 Deinde
638 3049 734 3103 codex
756 3047 787 3103 in
811 3047 882 3104 bibl.
906 3045 1153 3115 Rosenbergieam
1175 3045 1316 3116 pervenit,
1347 3060 1384 3100 ex
1416 3063 1475 3118 qua
1497 3049 1649 3103 restitutus
1672 3053 1718 3102 est
1741 3062 1808 3102 mo-

401 3137 529 3190 nasterio
554 3133 746 3191 l'lebonensi.

504 3301 588 3384 258
1018 3301 1047 3377 I.
1075 3301 1116 3377 F.
1144 3303 1205 3376 26.

401 3443 510 3506 chart.
533 3461 619 3506 saec.
642 3439 809 3504 XIV-X
812 3439 841 3503 V
845 3441 892 3524 ff
920 3443 979 3506 131
1005 3461 1109 3520 num„
1132 3444 1345 3508 20·5><14·5
1365 3463 1429 3508 cm.
1454 3443 1486 3506 d.
1510 3461 1555 3506 m.

509 3563 672 3626 Richardi
696 3566 738 3626 de
761 3563 798 3626 S.
819 3561 962 3626 Victore
986 3565 1163 3643 opuscula:

511 3649 531 3712 f.
560 3652 571 3711 1
599 3649 781 3729 Registrum
806 3655 915 3729 operis
939 3655 1120 3731 sequentis,

509 3737 529 3798 i.
555 3735 678 3798 2-47l’
701 3737 752 3799 De
776 3754 902 3800 somno
925 3737 1248 3802 Nabuchodonosor
1271 3739 1364 3818 regis
1388 3739 1477 3801 liber
1498 3738 1642 3816 primus.

510 3824 529 3886 i.
554 3819 717 3886 ‹tib-83¹²
742 3821 915 3903 »Sequitur
948 3824 1036 3886 aliud
1070 3827 1267 3904 opusculum
1299 3825 1340 3886 de
1372 3827 1445 3900 hiiS,
1477 3841 1540 3905 que
1564 3830 1811 3902 consequenter

402 3911 624 3973 subsecuntur
645 3911 686 3972 de
710 3908 859 3990 Sompno
882 3909 1209 3973 Nabuchodonosor«
1237 3912 1396 3991 (=llber
1417 3913 1620 3986 secundus).

510 3998 531 4059 i.
555 3993 718 4060 g4a.92s
743 3995 937 4076 »Excerpta
970 3996 1133 4060 Richardl
1169 4000 1212 4061 de
1255 4003 1407 4061 tractatu
1448 3996 1562 4061 Omne
1596 4002 1702 4076 caput
1734 3997 1810 4058 lan·

401 4083 575 4164 gnidum«.
601 4083 696 4145 »Tria
712 4091 799 4158 sunt,
824 4089 856 4146 in
881 4086 1001 4164 quibus
1016 4089 1123 4146 tocius
1139 4088 1314 4164 spiritualis
1331 4090 1555 4164 corrupcionis
1568 4099 1700 4146 summa
1717 4097 1810 4145 com·

401 4171 628 4250 prehenditur«
656 4172 688 4230 ><
715 4187 841 4249 »neque
864 4177 977 4233 curata
999 4173 1214 4234 medicamine
1238 4189 1345 4250 neque
1368 4172 1437 4233 lota
1460 4173 1564 4234 oleo«

510 4257 529 4318 1.
554 4254 717 4319 93⁸—98b
743 4255 811 4318 »De
834 4274 935 4337 regno
959 4262 1029 4319 sive
1063 4262 1197 4336 imperio
1221 4259 1363 4320 hominis
1386 4263 1526 4321 interiori
1550 4261 1618 4320 sive
1651 4260 1811 4336 spirituali

401 4361 443 4405 ex
459 4344 546 4405 libris
569 4343 740 4424 Rychardi.
765 4343 874 4406 Homo
897 4348 951 4424 qui
975 4350 1007 4406 et
1029 4361 1299 4424 mycrocosmus«
1327 4346 1360 4404 ><
1386 4344 1445 4408 »Et
1468 4349 1516 4407 sic
1538 4363 1576 4406 es
1591 4343 1667 4405 finis
1683 4349 1810 4406 tracta·

400 4429 466 4492 tuli
489 4429 653 4493 Richardi
676 4430 719 4492 de
741 4431 996 4494 reformaeione
1017 4431 1173 4494 hominis
1196 4431 1405 4494 interioris«

509 4517 529 4579 f.
553 4517 737 4580 991-130ει
770 4517 953 4581 Tractatus
986 4534 1095 4597 super
1124 4518 1294 4597 quosdam
1323 4519 1492 4597 psalmos.
1531 4517 1657 4598 »Quare
1688 4515 1811 4578 iremu-

402 4608 496 4666 erunt
516 4611 654 4682 gentes«
679 4605 714 4663 ><
739 4609 792 4666 »in
815 4606 936 4684 quibus
959 4609 1023 4685 ipsi
1047 4609 1137 4684 prius
1159 4605 1302 4684 perfecte
1325 4609 1513 4684 compuncti
1537 4621 1685 4666 sumus«

510 4691 530 4751 i.
559 4687 761 4753 1302—1311‘
798 4690 868 4753 »Ex
902 4708 1056 4753 sermone
1091 4691 1271 4753 eiusdem«
1310 4689 1420 4752 »Tolle
1455 4707 1592 4770 puerum
1615 4697 1648 4752 et
1670 4695 1811 4752 matrem

402 4782 502 4839 eius«
529 4777 623 4855 (Item
648 4793 748 4856 super
757 4783 778 4851 τ)
804 4777 911 4858 »Quid
935 4778 1032 4840 dabis
1055 4783 1103 4839 eis
1127 4778 1260 4840 domine
1282 4780 1415 4840 vulvam
1439 4778 1566 4858 absque
1589 4779 1728 4838 liberis«

507 4867 609 4923 Codex
631 4868 679 4924 hie
703 4869 845 4924 exhibens
869 4884 1010 4924 numeros
1034 4868 1084 4926 iol.
1113 4869 1279 4926 147-277
1305 4884 1394 4924 manu
1419 4885 1497 4925 saec.
1521 4867 1577 4923 XV
1600 4874 1720 4924 notatos
1745 4873 1812 4924 tan·

401 4959 464 5010 tum
487 4955 740 5010 continuationem
765 4971 886 5027 operum
910 4955 1048 5012 Richardi
1071 4961 1167 5010 tenere
1190 4955 1314 5014 videtur.
1347 4953 1493 5026 Operculo
1527 4955 1608 5012 inter.
1643 4953 1811 5024 adligatum

402 5046 446 5096 est
470 5042 629 5100 membran.
654 5041 849 5114 fragmentum
873 5042 1059 5098 instrumenti
1081 5041 1192 5113 publici
1217 5043 1365 5114 quendam
1381 5040 1496 5098 Petrum
1516 5043 1720 5114 presbyterum
1739 5059 1814 5099 con-

1079 5259 1128 5311 106
