3890 5970
831 593 890 654 116

265 797 324 878 ΙΙ3
756 801 785 874 J.
816 799 854 874 C.
882 799 969 875 220.

155 935 264 998 chart.
287 955 374 999 saec.
398 935 506 1000 XVII
522 941 552 1000 el
575 935 700 1000 XVIII
705 939 753 1021 ff.
776 939 841 1002 214
864 938 1217 1014 1111111.,35><220111.
1242 937 1274 1000 d.
1300 957 1342 1001 m.

262 1056 399 1120 Statuta
421 1059 652 1136 provincialia
673 1061 954 1139 congregationis
976 1058 1186 1122 Bohemicae
1221 1059 1357 1121 ordinis
1391 1059 1425 1121 S.
1447 1060 1560 1123 Bene-

154 1142 238 1205 dicti
270 1161 312 1208 ex
341 1161 509 1206 consensu
539 1147 753 1225 capitulorum
786 1149 1029 1225 provincialium
1061 1165 1089 1208 a.
1125 1145 1208 1207 1682
1238 1147 1272 1221 (1.
1310 1146 1436 1221 1-38),
1478 1147 1560 1210 1686

154 1229 187 1300 (1.
212 1229 289 1292 38-
299 1229 366 1306 40),
394 1231 474 1293 1702
499 1232 703 1308 (1.41-86),
732 1233 814 1296 1706
838 1234 871 1308 (f.
890 1233 1065 1309 87-125),
1093 1232 1175 1294 1709
1198 1233 1447 1309 (1.126-129),
1473 1231 1557 1294 1768

154 1316 187 1384 (l.
216 1315 667 1393 130-214)001011111011111,
693 1325 807 1398 partim
830 1321 997 1400 originalia
1019 1325 1050 1394 (i.
1076 1337 1103 1380 e.
1128 1321 1169 1380 ab
1193 1324 1273 1399 ipsis
1289 1321 1464 1380 abbatibus
1481 1322 1557 1383 sub-

156 1407 275 1482 scripta
298 1411 329 1465 et
352 1409 494 1483 signata)
517 1411 631 1484 partim
656 1411 793 1486 coplata.
1654 1411 1660 1424 '

264 1526 307 1584 Ci.
330 1531 417 1584 etiam
441 1529 541 1587 fascic.
565 1533 643 1586 arch.
680 1529 715 1586 ΙΙ.
751 1529 783 1587 C.
823 1532 871 1587 17.
918 1529 1060 1586 Collectio
1097 1531 1169 1585 haec
1203 1546 1240 1586 ex
1274 1533 1397 1586 diversis
1431 1540 1558 1590 monast.

155 1630 232 1669 saec.
255 1611 351 1669 XVIII
373 1616 491 1672 abolitis
514 1619 667 1688 praecipue
691 1634 727 1672 ex
750 1626 877 1674 monast.
905 1619 943 1673 ad
978 1617 1008 1672 S.
1033 1615 1187 1672 Nicolaum
1211 1615 1416 1687 Vetero-Prag.
1441 1620 1480 1673 ad
1504 1635 1558 1675 nos

155 1703 294 1771 pervenit.

263 1867 326 1950 114
762 1871 792 1946 I.
821 1871 858 1946 C.
886 1871 971 1946 220.

153 2009 263 2070 chart.
285 2027 371 2071 saec.
395 2007 502 2072 XVII
519 2016 550 2074 et
571 2010 750 2094 XVIIIff.
775 2013 837 2075 191
862 2030 967 2086 num„
988 2012 1129 2074 36><22
1151 2029 1214 2073 cm.
1238 2012 1270 2073 d.
1295 2029 1339 2072 m.

262 2130 350 2192 Acta
387 2131 592 2210 capitularia
627 2133 858 2212 provincialia
895 2133 1031 2195 ordinis
1064 2132 1098 2194 S.
1128 2132 1309 2195 Benedicti
1340 2134 1382 2195 de
1413 2151 1443 2196 a.
1478 2134 1554 2196 1631

154 2215 186 2282 (1.
238 2217 345 2292 1-2),
394 2219 477 2282 1690
499 2220 534 2295 (1.
580 2221 711 2296 3-12),
754 2220 835 2281 1702
859 2220 893 2295 (f.
923 2219 1072 2294 13-39),
1114 2219 1196 2281 1706
1220 2220 1254 2292 (f.
1278 2219 1433 2295 40--43),
1477 2220 1558 2283 1709

154 2303 367 2380 (1.44-49),
395 2305 713 2382 1713(1,50-53),
752 2306 834 2368 1716
857 2307 890 2380 (1,
916 2305 1071 2381 54-59),
1114 2306 1190 2368 1721
1218 2305 1432 2382 (1.60-65),
1475 2307 1557 2369 1726

155 2388 713 2468 11.66-71),1732(1.72-79),
753 2393 835 2455 1744
857 2394 891 2467 (f.
917 2392 1071 2468 80-93),
1114 2392 1194 2454 1747
1218 2392 1253 2466 (l.
1277 2392 1431 2470 94-97),
1474 2393 1556 2456 1759

305 2478 389 2554 113),
417 2479 498 2541 1763
522 2480 556 2554 (i.
584 2479 778 2556 114-120),
805 2480 886 2541 1773
911 2480 945 2554 (1.
974 2479 1157 2552 121-125)
1181 2481 1346 2557 originalia
1369 2485 1401 2541 et
1416 2485 1554 2559 coplata.

264 2581 284 2642 1.
313 2581 482 2644 126-134
505 2583 627 2646 Relatio
650 2585 692 2646 ad
715 2585 998 2663 archiepiscopum
1029 2584 1070 2644 de
1102 2587 1248 2661 portione
1280 2584 1430 2644 salinaria
1459 2583 1558 2644 Brau-

154 2672 250 2728 nensi
274 2667 518 2749 (Conceptum).

172 2863 177 2872 .
231 2791 238 2801 ·
265 2771 285 2834 f.
314 2771 477 2836 135-191
515 2775 757 2854 Propositiones
788 2781 819 2836 et
849 2775 1072 2836 additamenta
1101 2774 1265 2852 quaedam
1289 2774 1331 2834 ad
1354 2775 1438 2835 Acta
1461 2791 1558 2853 supe·

155 2875 249 2920 nora.

267 2983 311 3041 Cf.
336 2987 423 3040 etiam
446 2984 482 3042 11.
506 2984 540 3042 C.
568 2987 616 3042 17.
641 2986 783 3042 Collectio
806 2988 888 3056 haec,
921 3001 1008 3057 quam
1033 2987 1121 3041 modo
1155 2988 1188 3040 in
1222 2988 1353 3042 ordinem
1391 2963 1557 3057 redegimus

155 3077 183 3124 et
205 3071 334 3142 ligatura
356 3088 437 3128 nova
459 3073 662 3142 instruximus,
687 3089 724 3128 ex
747 3073 872 3128 diversis
896 3079 1022 3129 monast.
1048 3071 1078 3128 S.
1095 3071 1245 3128 Benedicti
1261 3088 1340 3130 saec.
1357 3071 1461 3129 XVIII.
1485 3075 1558 3130 abo-

155 3155 214 3212 litis
238 3159 278 3212 ad
302 3174 357 3214 nos
380 3161 520 3230 pervenit.

264 3341 321 3422 115
752 3344 781 3419 I.
810 3344 847 3419 C.
875 3344 935 3420 23.

155 3483 267 3544 chart.
289 3499 377 3543 saec.
401 3481 438 3543 X
441 3481 525 3564 Vff.
548 3483 624 3558 220,
645 3483 733 3545 29><
745 3483 785 3546 21
810 3501 872 3544 cm.
896 3483 918 3544 2
939 3501 983 3544 m.

153 3601 207 3664 Fr.
231 3601 391 3665 Simonis
415 3605 457 3666 de
480 3605 666 3666 Cremonia
689 3606 785 3681 Opus
807 3603 1040 3682 praedicabile
1063 3620 1169 3682 super
1199 3603 1367 3682 epistolas
1398 3621 1426 3666 s.
1461 3603 1558 3666 Pauli

616 3691 846 3753 dominicales
869 3691 980 3753 totius
1004 3691 1099 3752 anni.

264 3793 285 3856 1.
310 3793 374 3857 220
399 3795 555 3874 »Explicit
587 3796 666 3856 liber
697 3813 796 3874 super
827 3796 982 3874 epistolas
1014 3795 1103 3856 Pauli
1127 3796 1338 3856 dominicales
1362 3795 1557 3873 compilatus

154 3897 210 3956 per
233 3885 428 3958 magistrum
452 3889 483 3943 et
506 3899 599 3944 sacre
623 3883 783 3960 theologie
808 3883 975 3943 doctorem
988 3880 1170 3961 Symonem
1186 3882 1227 3943 de
1244 3880 1419 3944 Cremonia
1434 3882 1556 3943 ordinis

150 3967 292 4028 fratrum
314 3969 542 4030 heremitarum
568 3973 671 4030 sancti
694 3969 897 4047 Augustini.‹

262 4153 318 4236 116
747 4157 776 4232 I.
806 4155 844 4231 C.
871 4156 933 4230 24.

152 4295 262 4357 chart.
284 4313 372 4357 saec.
396 4293 465 4356 XV
472 4295 520 4378 fl.
543 4297 618 4372 384,
640 4297 780 4359 29)(21
805 4313 867 4358 cm.
892 4296 923 4358 d.
947 4315 991 4358 m.

257 4416 277 4477 1.
305 4417 439 4478 11—822
461 4412 654 4480 Piibiconis
677 4416 854 4480 Pulkavae
888 4419 931 4480 de
953 4410 1109 4480 Radenr'n
1132 4417 1335 4480 Chronicon
1357 4417 1556 4480 Bohemiae.

152 4504 293 4568 (Initium
316 4504 434 4578 deest.)
452 4503 511 4566 »Et
526 4505 664 4583 probum
681 4509 712 4566 in
728 4505 854 4566 iudiciis
872 4521 1023 4566 veracem
1039 4510 1071 4565 el
1086 4506 1363 4583 complanatorem
1379 4509 1553 4566 rixarum«.

155 4593 183 4646 ><
207 4593 323 4664 (urbm)
352 4591 401 4652 »Is
424 4595 479 4668 qui
501 4595 696 4669 conscripsit
716 4593 788 4666 hec,
812 4589 985 4653 Cronicam
1008 4607 1081 4652 eam
1104 4592 1276 4670 hucusque
1301 4591 1460 4652 duntaxat
1483 4607 1553 4669 per-

152 4677 272 4738 duxit«
299 4675 363 4750 (Cl.
386 4675 508 4738 Fontes
530 4694 589 4738 rer.
614 4679 689 4740 boh.
712 4677 742 4737 V
765 4677 879 4752 (1893)
901 4695 931 4756 p.
956 4675 1054 4751 XIV.)

255 4780 275 4841 1.
300 4779 459 4842 832-852
482 4781 614 4860 (Series
637 4782 765 4844 ducum
795 4787 831 4843 et
853 4797 974 4860 regum
1003 4779 1191 4843 Bohemiae
1213 4797 1326 4859 usque
1342 4780 1427 4843 ada.
1446 4777 1555 4859 1376.)

156 4865 233 4928 »Hic
257 4867 486 4929 describuntur
514 4873 633 4947 pagani
656 4869 760 4930 duces
783 4874 818 4929 ut
852 4872 1014 4946 sequitur«
1042 4870 1074 4926 ><
1101 4884 1271 4930 »necnon
1295 4868 1382 4928 dom.
1406 4867 1555 4929 Johanne

152 4955 292 5032 archiep.
325 4953 416 5033 Prag.
447 4958 501 5032 qui
525 4961 641 5034 postea
663 4959 694 5016 in
719 4955 915 5016 cardinalem
950 4953 1096 5015 Romane
1120 4955 1257 5015 ecclesie
1280 4954 1339 5014 luit
1362 4960 1555 5033 assumptus

155 5047 185 5100 et
207 5040 278 5100 aliis
302 5041 411 5101 multis
435 5058 516 5102 sane
538 5047 619 5103 etc«

839 5263 873 5314 39
