3830 5966
1052 535 1130 597 1397

498 741 517 802 i.
542 738 746 802 474b-494b
771 740 862 803 Initia
884 745 1094 821 epistolarum
1119 749 1151 804 et
1173 745 1418 823 evangeliorum
1456 763 1512 825 per
1535 749 1691 809 circulum
1713 753 1796 810 anni

391 829 453 907 legi
477 830 654 890 solitorum.
680 831 712 885 ><
738 827 895 906 »Explicit
918 829 1063 891 Scutum
1085 829 1176 901 fidei,
1222 837 1289 910 quo
1313 839 1460 910 pugnant
1489 833 1544 894 filii
1568 835 1630 904 dei,
1676 837 1796 896 oculus

389 921 440 976 est
461 918 631 990 iustorum,
656 915 850 976 scandalum
875 917 1137 978 incredulorum«
1184 918 1341 991 (eundem
1374 921 1500 980 titulum
1530 924 1563 981 in
1594 921 1700 982 fronte
1722 922 1746 982 f.
1777 925 1788 982 1

388 1001 541 1080 legimus)
568 1000 713 1062 »finitum
738 1019 795 1080 per
818 1017 870 1062 me
895 1001 1079 1065 Nicolaum
1101 1021 1130 1066 a.
1155 1005 1185 1065 d.
1213 1002 1329 1067 tiit«
1365 1004 1450 1067 Huic
1479 1004 1614 1068 Nicolao
1638 1012 1670 1070 in
1692 1013 1795 1069 veteri

389 1089 538 1166 catalogo
562 1105 748 1167 cognomen
771 1087 921 1151 Mnissek
945 1091 1094 1152 additum
1118 1096 1178 1152 est.

494 1176 649 1249 Operculis
673 1179 835 1249 adligatum
858 1185 903 1234 est
925 1179 1119 1251 fragmentum
1143 1183 1263 1238 membr.
1288 1185 1442 1238 cuiusdam
1466 1183 1581 1253 registri
1597 1199 1795 1256 expensarum

392 1264 607 1334 trunco-gallici
630 1279 708 1322 saec.
731 1263 809 1321 XIV.
833 1266 869 1322 A.
898 1267 978 1322 1609
1004 1269 1098 1323 codex
1114 1275 1175 1323 erat
1190 1268 1260 1326 bibl.
1278 1268 1520 1340 Rosenbergicae‚
1544 1277 1650 1340 postea
1665 1277 1795 1327 monast.

388 1350 595 1408 Tiebonensis.

493 1484 586 1565 1397
985 1485 1069 1562 VII.
1099 1485 1149 1562 H.
1177 1488 1239 1562 14.

388 1625 577 1686 membran.
600 1642 689 1688 saec.
712 1623 800 1686 XIV
806 1625 853 1706 ff.
875 1625 950 1700 277,
973 1625 1017 1688 16
1029 1626 1069 1704 ><
1084 1627 1125 1688 10
1136 1643 1199 1688 cm.
1224 1629 1254 1688 d.
1271 1647 1316 1690 m.

803 1744 1020 1810 Breviarium
1042 1752 1089 1822 (in
1112 1748 1178 1810 fine
1201 1750 1374 1826 mutilum).

492 1899 589 1980 1398
993 1900 1072 1977 VII.
1101 1901 1151 1976 H.
1179 1903 1241 1978 15.

387 2041 514 2102 enixius
537 2056 624 2102 saec.
647 2038 715 2101 XV
725 2036 775 2118 fs.
799 2039 853 2116 64,
874 2039 1043 2104 155x10
1066 2061 1130 2105 cm.
1155 2043 1177 2105 2
1198 2063 1242 2108 m.

386 2161 606 2223 Breviarium
628 2160 836 2240 particulare
860 2163 1066 2225 monialium
1089 2181 1116 2226 s.
1142 2165 1266 2228 Clarae
1289 2166 1475 2229 continens
1506 2167 1626 2231 officia
1646 2187 1712 2248 pro
1734 2170 1794 2230 de·

387 2248 516 2311 functis
551 2247 645 2310 notis
681 2248 828 2310 musicis
863 2247 1045 2326 instructa,
1079 2251 1164 2314 item
1197 2253 1358 2315 ordinem
1393 2255 1436 2316 ad
1467 2255 1792 2332 communicandas,

761 2335 990 2413 inungendus
1014 2338 1234 2415 sepeliendas
1256 2355 1409 2401 sorores.

491 2423 643 2496 Operculis
668 2426 828 2496 adligatum
852 2431 897 2481 est
919 2425 1115 2498 fragmentum
1132 2432 1250 2486 membr.
1268 2431 1423 2487 cuiusdam
1441 2431 1552 2488 codicis
1568 2433 1697 2504 liturgici
1714 2435 1794 2489 notis

388 2511 509 2567 musicis
533 2513 671 2568 instructi
694 2527 771 2570 saec.
800 2511 877 2570 XIV.

492 2660 588 2744 1399
990 2664 1072 2741 VII.
1092 2665 1143 2742 H.
1171 2669 1232 2742 16.

387 2785 494 2846 chari.
519 2801 552 2846 a.
576 2785 662 2848 1429
677 2784 719 2867 ff.
741 2786 816 2861 313,
852 2788 993 2850 15><11
1026 2807 1089 2850 cm.
1114 2793 1132 2852 1
1157 2809 1201 2852 m.

496 2906 518 2968 i.
546 2905 700 2969 1·-106ι
723 2905 897 2986 Excerpta
919 2925 965 2970 ex
986 2909 1188 2974 Avicennae
1211 2912 1310 2975 libris
1334 2912 1498 2975 canonis.
1549 2909 1617 2972 »De
1642 2911 1791 2974 diffinici-

388 3009 451 3054 onc
474 2993 635 3054 medicine
653 3043 661 3058 .
681 3045 687 3056 .
708 3041 716 3057 .
734 2992 827 3070 Dico,
851 2995 940 3075 quod
964 2997 1127 3059 medicine
1150 3005 1201 3060 est
1224 3004 1383 3062 sciencia«
1410 3002 1443 3057 ><
1470 2999 1627 3078 »Explicit
1657 2999 1714 3060 ier.
1750 2998 1792 3060 [V

386 3086 461 3140 ante
484 3078 605 3141 festum
628 3079 822 3158 Magdalene
846 3099 874 3142 a.
899 3083 928 3143 d.
957 3081 1068 3144 1429«

493 3165 514 3228 i.
543 3164 744 3228 107⁸-134b
767 3166 940 3246 Excerpta
963 3185 1008 3231 ex
1029 3171 1224 3234 Averrbois
1246 3171 1346 3248 libro,
1380 3173 1439 3251 qui
1461 3175 1609 3234 vocatur
1631 3171 1791 3250 Colliget

390 3251 456 3314 »De
481 3251 678 3315 diffinicione
702 3255 914 3322 medicine..
935 3254 1119 3330 ,Dicimus
1144 3259 1233 3339 quod
1257 3276 1311 3320 ars
1336 3261 1515 3321 medicine«
1540 3260 1573 3316 ><
1599 3258 1715 3337 ›Expl
1733 3259 1791 3320 ier.

386 3339 424 3401 lll
447 3343 480 3400 in
505 3340 556 3400 die
580 3342 710 3402 vincula
733 3340 815 3402 Petri
840 3360 869 3404 a.
894 3342 924 3404 d.
953 3341 1066 3404 1429.«

495 3426 514 3486 i.
544 3424 746 3489 135²—l8Ob
769 3426 942 3506 Excerpta
964 3445 983 3492 e
1006 3427 1230 3492 Constantini
1268 3429 1474 3495 casinensis
1506 3431 1617 3508 libris,
1662 3432 1793 3509 quibus

385 3511 613 3575 Pantechnon
636 3513 847 3578 inscribitur.
875 3515 960 3577 »Lib
984 3515 1005 3578 1.
1031 3533 1102 3595 cap.
1130 3518 1174 3578 10.
1202 3517 1365 3580 Medicina
1387 3522 1529 3597 practica
1552 3518 1632 3596 quid
1656 3527 1728 3580 est«
1757 3521 1789 3576 ><

389 3599 500 3678 »Expl
525 3597 567 3662 VI
590 3599 648 3662 fer.
671 3605 704 3662 in
728 3601 848 3662 festum
871 3601 1093 3664 Bartholomei
1116 3610 1149 3664 et
1170 3605 1229 3666 fuit
1256 3603 1299 3665 IV
1320 3604 1428 3666 feria«

493 3685 513 3746 i.
543 3683 744 3749 1801-1881
766 3687 940 3765 Excerpta
963 3705 1007 3750 ex
1019 3686 1141 3752 Galeni
1154 3690 1242 3754 libro
1258 3693 1301 3753 de
1316 3691 1455 3769 ingenio
1473 3689 1646 3752 sanitatis.
1673 3691 1793 3752 »Liber

385 3771 405 3833 1.
430 3771 593 3834 Medicina
617 3773 744 3835 videtur
766 3791 842 3835 esse
865 3776 969 3836 utilis«
997 3777 1029 3833 ><
1055 3775 1213 3856 »Explicit
1228 3779 1284 3840 fer.
1301 3776 1344 3839 Vl
1360 3783 1437 3857 post
1451 3777 1572 3839 festum
1589 3777 1790 3839 Bartolomei

386 3876 414 3919 a.
440 3859 470 3920 d.
496 3857 642 3938 (14)29.«

494 3945 514 4006 i.
543 3939 741 4008 tuat-209²
764 3946 940 4025 Excerpta
962 3964 1006 4010 ex
1028 3948 1157 4011 Rhasis
1180 3950 1388 4029 compendio
1424 3949 1568 4026 medico,
1614 3951 1709 4027 quod
1733 3951 1790 4012 Al·

387 4047 530 4094 mansor
552 4031 686 4095 dicitur.
712 4032 798 4095 »Lib
822 4035 843 4096 Ι.
869 4033 1046 4097 Cerebrum
1069 4035 1147 4098 iecit
1170 4036 1270 4098 deus«
1298 4038 1331 4094 ><
1356 4036 1516 4116 »Explicit
1545 4037 1584 4099 lll
1616 4037 1672 4099 fer.
1710 4047 1789 4099 ante

386 4117 506 4180 festum
529 4118 633 4198 Egidii
656 4126 689 4181 et
711 4120 770 4181 luit
792 4118 834 4182 IV
856 4120 912 4182 fer.
937 4138 965 4181 a.
991 4122 1020 4182 d.
1048 4121 1160 4184 1429.‹

494 4205 514 4266 i.
539 4203 744 4268 20912—234b
767 4204 939 4286 Excerpta
962 4222 1007 4268 ex
1028 4207 1126 4270 libris
1150 4207 1284 4271 Galeni.

494 4292 514 4352 i.
540 4290 745 4354 235¹-276b
768 4296 926 4370 (anepigr.)
949 4292 1232 4359 Commentarius
1252 4295 1289 4357 in
1303 4295 1526 4375 Hippocratis
1541 4295 1793 4375 Aphorismos.

389 4377 480 4439 »Vita
503 4379 611 4440 brevis
633 4396 687 4441 ars
711 4397 789 4442 vero
813 4381 928 4460 longa«
957 4383 988 4437 ><
1015 4381 1158 4443 »iaciens
1182 4384 1341 4444 humores
1366 4389 1575 4462 temperatos
1600 4383 1641 4444 Et
1663 4387 1714 4444 sic
1739 4395 1793 4446 est

385 4463 460 4526 finis
483 4483 512 4526 a.
538 4467 568 4528 d.
594 4465 679 4528 1429
701 4464 743 4528 VI
766 4465 842 4528 len«
870 4467 954 4546 (sic).

493 4551 514 4614 l.
538 4552 744 4614 2771-291Ιι
767 4551 1049 4616 Commentarius
1079 4554 1115 4615 ln
1139 4555 1296 4617 eiusdem
1329 4555 1438 4618 libros
1472 4555 1791 4636 prognosticorum.

389 4638 544 4700 »Interest
566 4639 708 4705 artificis,
733 4645 768 4699 ut
789 4645 875 4701 vires
898 4645 985 4720 egri«
1010 4643 1044 4699 Χ
1070 4645 1120 4702 »in
1145 4645 1276 4720 regione
1298 4641 1458 4721 Hesperie
1489 4649 1701 4721 temperatas,
1749 4643 1792 4706 Et

386 4728 434 4784 sic
457 4729 509 4786 est
532 4725 606 4786 finis
629 4743 658 4788 a.
683 4727 713 4787 d.
741 4725 872 4789 142911
895 4727 949 4788 fer.
976 4733 1052 4806 post
1075 4727 1197 4789 festum
1223 4727 1402 4808 Dionysii«

489 4811 510 4872 i.
534 4808 740 4874 2911-3131
762 4811 926 4892 Excerpta
948 4831 991 4875 ex
1013 4818 1111 4875 variis
1134 4814 1225 4877 libris
1247 4815 1395 4878 medicis,
1427 4815 1446 4876 i.
1482 4815 1563 4877 312·
1594 4815 1651 4892 (ex
1687 4817 1792 4878 Plate-

385 4895 466 4977 ario)
493 4899 655 4961 »humidis
679 4900 760 4961 cibis
784 4907 817 4961 et
839 4901 1057 4962 ductibilibus.
1080 4900 1151 4962 Hec
1175 4902 1228 4964 ibi.
1251 4901 1391 4980 Explicit
1413 4919 1442 4962 a.
1468 4902 1502 4962 d.
1537 4901 1620 4964 1429
1655 4902 1697 4966 Vl
1733 4903 1792 4965 ier.

385 4991 460 5045 anie
484 4983 595 5046 Galli«

1060 5211 1111 5260 522
