3856 5974
1042 539 1123 602 1523

489 742 509 804 I.
536 739 699 805 801-941
722 746 815 818 (saec.
837 745 1020 820 XIV-XV)
1043 741 1235 809 Alexandri
1258 748 1300 810 de
1322 747 1417 810 Villa
1439 746 1503 809 Dei
1519 747 1667 810 Summa
1689 745 1785 808 bibli-

382 847 484 892 orum
505 829 706 892 versidcata
727 847 808 891 cum
831 831 1082 895 commentario
1105 833 1332 897 interlineari.

489 919 641 993 Operculis
656 920 838 990 adglutinata
850 927 918 977 sunt
941 921 1103 994 fragmenta
1125 927 1246 980 membr.
1269 925 1416 981 literarum
1429 921 1545 980 Nicolai
1557 925 1649 995 episc.
1665 921 1785 979 Olomu·

383 1008 482 1064 censis
505 1006 603 1077 (1388
616 1007 651 1079 i).
689 1005 727 1062 Ut
757 1008 843 1063 docet
874 1016 944 1065 nota
974 1013 1004 1065 in
1035 1010 1129 1066 fronte
1159 1010 1179 1067 1.
1207 1013 1248 1080 11,
1273 1014 1369 1068 codex
1391 1012 1517 1082 collegio
1541 1009 1571 1068 S.
1596 1009 1622 1067 J.
1648 1010 1787 1081 Pragensi

382 1095 488 1165 obtigit
510 1109 547 1150 ex
570 1093 744 1150 liberalitate
767 1093 878 1170 Mariae
900 1093 1071 1168 Manriquez
1094 1097 1220 1154 senioris
1244 1100 1280 1154 de
1303 1097 1462 1156 Pemstein.

489 1261 591 1343 1523
810 1261 915 1339 VIII.
942 1265 992 1340 D.
1023 1265 1086 1340 28.
1114 1281 1160 1347 (r.
1179 1281 1215 1334 11.
1233 1284 1257 1333 1.
1276 1298 1302 1333 n.
1313 1282 1371 1346 21.)

383 1387 490 1449 chart.
513 1403 599 1448 saec.
622 1383 679 1446 XI
684 1383 818 1448 V-XV
831 1385 873 1467 ff.
896 1386 972 1463 191,
993 1387 1205 1451 28·5><20·5
1225 1405 1288 1450 cm.
1313 1389 1345 1451 d.
1368 1405 1414 1450 m.

548 1505 642 1568 Petri
664 1507 706 1568 de
730 1505 944 1570 Crescentiis
968 1507 1148 1570 Ruralium
1171 1511 1435 1573 commodorum
1457 1508 1534 1570 libri
1557 1505 1613 1570 XI.

491 1593 511 1655 1.
540 1595 570 1654 1·
596 1591 796 1655 »Venerabili
831 1598 862 1656 in
895 1593 971 1657 Chr.
1002 1600 1115 1674 patri.
1142 1646 1147 1656 .
1174 1643 1180 1656 .
1212 1595 1249 1659 fr.
1273 1598 1420 1657 Armerio
1452 1596 1492 1656 de
1518 1595 1689 1657 Placencia
1714 1642 1721 1655 .
1747 1641 1787 1656 ..

384 1680 496 1743 Petrus
520 1680 561 1741 de
585 1678 790 1743 Crescenciis
813 1685 895 1743 civis
918 1681 1084 1743 Bononia«
1111 1682 1188 1744 ><1.
1217 1678 1294 1744 1911
1319 1689 1371 1744 »et
1393 1687 1428 1743 ut
1451 1687 1699 1754 conserventur,
1725 1682 1788 1742 sal-

384 1773 570 1912 santurffom
593 1859 623 1912 in
647 1857 786 1929 operculo
810 1872 906 1930 super.
933 1873 1004 1931 »pro
1027 1857 1052 1913 Π
1075 1859 1252 1930 sexagenis«
1290 1858 1383 1914 Vetus
1406 1859 1482 1930 sign.
1507 1857 1542 1930 Q,
1567 1859 1618 1916 29.

488 2006 593 2088 1524
812 2003 916 2084 VIII.
943 2007 991 2082 D.
1018 2007 1080 2082 29.
1109 2023 1153 2087 (r.
1173 2022 1194 2074 1.
1214 2025 1239 2076 a
1259 2039 1285 2074 n.
1304 2023 1341 2087 2.)

384 2129 492 2192 chart.
514 2147 602 2192 saec.
625 2127 713 2192 XIV
732 2128 829 2211 (pars
851 2146 883 2191 a.
906 2129 1006 2204 1384)
1030 2133 1059 2192 et
1080 2129 1150 2191 XV
1172 2129 1212 2210 ff.
1236 2131 1308 2208 133,
1332 2130 1411 2193 295
1423 2129 1504 2191 ><21
1530 2147 1594 2192 cm.
1618 2131 1651 2192 d.
1672 2148 1719 2192 m.

493 2249 513 2313 l.
542 2247 679 2313 l¹-l8b
702 2249 735 2312 S.
759 2251 948 2330 Augustini
971 2250 1184 2331 Soliloquium
1208 2251 1269 2333 (sic
1294 2269 1369 2330 pro:
1401 2251 1681 2328 Confessiones).
1708 2249 1789 2314 »Co

384 2355 546 2418 gnoscam
570 2343 600 2399 te
623 2337 756 2400 domine
779 2342 978 2417 cognitorem
1003 2355 1132 2400 meum«
1158 2341 1192 2396 Χ
1218 2344 1272 2399 »ut
1294 2340 1400 2418 aquile
1423 2356 1528 2401 canos
1551 2355 1676 2400 meos«

493 2424 514 2486 1.
542 2420 699 2486 181-241
729 2423 812 2486 Vita
834 2441 862 2486 s.
880 2423 1099 2488 Catharinae.
1126 2423 1294 2486 »Tradunt
1315 2427 1453 2488 annales
1476 2427 1640 2506 hystorie«
1669 2427 1702 2482 ><
1729 2423 1788 2486 »Et

386 2516 451 2574 iam
475 2511 548 2574 dies
571 2513 720 2572 illuxerat
742 2515 841 2574 tercia
863 2516 1031 2587 instat(.)‹
1057 2515 1180 2586 (cetera
1202 2513 1349 2586 desunt).

494 2598 515 2660 1.
540 2597 702 2659 251-731
724 2597 872 2660 Honorii
893 2598 1226 2677 Augustodunensis
1257 2597 1539 2660 Commentarius
1571 2599 1610 2661 in
1643 2597 1791 2660 Cantica

386 2685 604 2749 canticorum
627 2686 843 2763 praecedente
867 2691 957 2747 textu
980 2685 1108 2748 biblico.
1128 2683 1273 2747 »Simoni
1287 2685 1411 2747 donum
1426 2691 1610 2764 sapiencie«
1627 2689 1661 2743 ><
1678 2702 1790 2746 ›sexa-

385 2778 475 2852 ginta
497 2773 602 2833 milies
625 2773 720 2834 milia.
745 2771 932 2850 Expliciunt
955 2767 1082 2834 cantica
1104 2777 1303 2834 canticorum
1328 2775 1416 2834 dom.
1442 2772 1536 2834 Petri
1558 2771 1791 2850 predicatoris

384 2861 422 2921 in
444 2857 544 2920 Telcz
567 2876 596 2920 a.
621 2859 652 2921 d.
679 2856 763 2919 1384
785 2858 868 2920 infra
890 2864 1025 2920 octavas
1049 2859 1252 2937 epiphanie.‹

494 2944 515 3006 1.
551 2941 713 3006 731-951
747 2944 890 3008 Arnesti
927 2944 1179 3023 archiepiscopi
1210 2944 1397 3024 Pragensis
1431 2945 1571 3008 Statuta
1604 2945 1790 3024 synodalia

386 3050 414 3095 a.
457 3030 540 3093 1319
574 3049 655 3094 cum
687 3030 840 3094 Thomas
872 3031 1049 3094 Hibernici
1083 3031 1173 3100 libro
1206 3032 1249 3093 de
1282 3032 1396 3094 tribus
1428 3033 1570 3110 punctis
1605 3031 1791 3110 religionis

387 3117 612 3181 christianae.
659 3117 768 3198 (Libro
810 3135 978 3196 perperam
1021 3121 1118 3198 ligato
1161 3119 1301 3197 legenda
1335 3125 1414 3181 sunt
1446 3121 1510 3180 hoc
1544 3119 1678 3182 ordine:
1720 3116 1787 3190 731,

391 3200 561 3278 861-951,
585 3201 757 3279 841-851,
781 3203 965 3280 741-801).
990 3203 1050 3265 His
1074 3209 1203 3266 statutis
1226 3210 1349 3266 inserta
1372 3211 1449 3267 sunt

496 3291 517 3354 1.
542 3288 632 3352 801-
645 3287 704 3352 831
727 3289 942 3353 ε1961-961
964 3291 1138 3353 Iohannis
1163 3291 1249 3370 (Vll)
1273 3292 1428 3369 episcopi
1444 3291 1692 3354 olomucensis
1718 3291 1791 3353 Sta·

388 3383 464 3440 tuta
495 3379 526 3440 in
559 3378 624 3440 fine
659 3395 786 3440 manca.
826 3377 1011 3440 »Iohannes
1036 3427 1043 3438 .
1069 3427 1074 3438 .
1101 3425 1108 3440 .
1144 3383 1321 3457 episcopus
1357 3377 1590 3440 Olomucensis
1624 3379 1790 3440 universis

388 3465 572 3532 abbatibus,
607 3469 798 3543 prepositis‹
828 3469 864 3540 ><
891 3465 947 3540 (de
981 3466 1159 3544 baptismo)
1184 3469 1444 3528 »matrimonium
1468 3466 1624 3544 impediat
1645 3469 1698 3526 vel
1728 3467 1793 3525 dis·

395 3554 519 3613 solvat·
546 3553 636 3624 (finis
660 3551 886 3626 desideratur).

497 3638 518 3699 I.
542 3634 727 3698 971-1071
751 3637 909 3714 (anepigr.)
943 3635 1199 3700 Dictionarium
1233 3638 1467 3717 theologicum
1505 3643 1537 3699 in
1573 3637 1638 3698 fine
1671 3643 1793 3698 excisis

393 3726 502 3786 multis
526 3724 610 3786 loliis
634 3741 798 3786 mancum.
823 3725 1045 3786 Abstinencia.
1084 3723 1232 3803 »Duplex
1255 3732 1307 3786 est
1339 3725 1559 3787 abstinencia«
1588 3727 1620 3782 ><
1643 3727 1794 3798 (chorea-

393 3812 504 3886 trices)
530 3827 612 3890 »que
635 3811 772 3873 ardebat
794 3828 851 3890 per
873 3827 1018 3872 coreas«

497 3897 519 3959 1.
547 3894 748 3959 1081-1331
771 3898 960 3960 Sermones
984 3896 1123 3958 diversi.
1148 3896 1276 3976 Quibus
1300 3903 1421 3960 inserta
1443 3907 1521 3960 sunt
1535 3900 1636 3959 haec:

499 3983 519 4047 1.
548 3981 751 4046 1241-1251
779 3982 926 4046 »Utilitas
951 3984 1089 4044 melodie
1106 3985 1308 4062 psalmorum
1324 3991 1356 4046 et
1371 3990 1534 4046 oracionis
1558 3987 1796 4064 psalmorum«.

498 4069 519 4132 1.
558 4065 757 4133 1251-1301
796 4071 830 4134 S.
865 4069 1035 4132 Bernardi
1070 4068 1365 4134 claraevallensis
1395 4070 1652 4134 Meditationes.
1690 4071 1798 4132 »Multi

390 4158 490 4218 multa
504 4161 629 4219 sciunt«
645 4159 678 4216 Χ
693 4155 741 4218 »0
758 4174 856 4237 quam
873 4157 955 4219 dura
970 4163 1050 4218 sunt
1066 4161 1138 4234 ista,
1155 4175 1218 4237 que
1235 4159 1367 4237 loquor«
1394 4158 1484 4236 (linis
1506 4159 1625 4219 deesse
1642 4159 1794 4232 videtur).

499 4243 520 4305 1.
549 4240 626 4304 1321
648 4247 740 4317 (saec.
764 4247 844 4319 XV.)
870 4243 1035 4306 »Articuli
1059 4245 1101 4304 de
1123 4244 1221 4305 libris
1243 4244 1332 4323 Mgri
1353 4243 1521 4323 wygleff«
1548 4245 1707 4307 extracti.

499 4333 651 4406 Operculls
675 4335 803 4405 adligata
825 4341 895 4390 sunt
917 4335 1078 4404 fragmenta
1109 4336 1228 4390 membr.
1261 4337 1414 4392 cuiusdam
1446 4336 1611 4392 dictionarii
1635 4337 1796 4406 theologici

392 4435 470 4480 saec.
494 4419 684 4481 XIII-XIV.
707 4421 802 4477 Vetus
825 4422 900 4492 sign.
924 4419 957 4489 B,
986 4421 1032 4477 13.

499 4568 603 4650 1525
865 4569 969 4645 VIII.
996 4570 1044 4645 D.
1071 4569 1133 4645 39.
1162 4584 1207 4650 (r.
1225 4585 1261 4638 rr.
1279 4587 1304 4638 2.
1322 4601 1349 4640 n.
1367 4587 1421 4651 rr.)

391 4693 499 4757 chart.
523 4710 559 4754 a.
581 4692 666 4755 1407
688 4693 727 4774 θ.
749 4691 823 4772 394,
847 4692 986 4755 28><21
1012 4711 1076 4755 cm.
1100 4693 1118 4754 I
1141 4709 1188 4753 m.

553 4813 819 4876 Revelationum
841 4831 869 4877 s.
893 4813 1051 4893 Brigidae
1075 4812 1153 4874 libri
1175 4813 1238 4875 VII
1259 4831 1340 4877 cum
1361 4813 1451 4876 libro
1475 4814 1518 4876 ad
1541 4829 1655 4892 reges.

503 4899 523 4962 1.
552 4902 582 4961 1·
607 4901 678 4960 »Ad
701 4901 860 4962 honorem
894 4905 1013 4962 summi
1037 4904 1136 4979 patris
1162 4948 1169 4964 .
1194 4949 1201 4964 .
1227 4949 1233 4962 .
1258 4905 1368 4979 incipit
1391 4901 1469 4964 llber
1492 4902 1622 4962 celestis
1646 4901 1726 4978 (sic)
1750 4918 1795 4961 re·

392 4988 599 5048 velacionum
630 4994 662 5048 et
695 4993 915 5050 secretorum«
943 4987 981 5066 ><
1005 4987 1027 5047 1.
1051 4980 1129 5048 3941
1163 4986 1321 5066 »Explicit
1343 4981 1422 5049 lib'er
1444 4989 1613 5049 celestium
1646 4989 1798 5049 revelaci-

1068 5211 1120 5262 560
