3890 5970
1501 603 1570 656 XVII

179 815 328 890 expressi
351 814 503 876 codicum
528 819 652 877 numeri
676 822 853 891 currentes,
876 816 918 876 ad
943 831 1028 893 quos
1052 819 1202 892 spectant
1220 813 1347 875 tabulae
1370 816 1467 876 huius
1491 820 1577 876 cata·

179 917 245 995 logi
268 922 300 977 et
322 917 430 979 index.
478 917 626 997 Quorum
658 935 867 980 numerorum
899 934 964 997 quo
999 917 1121 979 facilior
1154 921 1195 978 sit
1228 923 1436 996 conspectus,
1472 919 1578 980 ubivis

178 1021 364 1099 catalogum
387 1029 535 1083 nostrum
560 1023 729 1094 evolveris,
753 1038 925 1084 numerum
950 1022 1102 1100 descripti
1128 1023 1251 1084 codicis
1275 1022 1368 1100 primi
1390 1026 1422 1082 in
1447 1039 1577 1084 summa

182 1127 300 1202 pagina
322 1127 463 1199 sinistra,
487 1127 588 1186 ultimi
611 1129 642 1187 in
667 1143 799 1187 summa
822 1130 940 1205 pagina
956 1127 1069 1187 dextra
1085 1130 1239 1187 invenies.
1265 1124 1416 1204 Sequitur
1438 1130 1576 1205 primum

180 1227 289 1287 litteris
313 1231 451 1289 cursivis
475 1229 648 1308 descriptio
672 1231 803 1292 habitus
826 1229 977 1291 codicum
1008 1233 1130 1292 externi
1162 1230 1337 1306 (materiae,
1360 1235 1485 1304 aetatis,
1516 1248 1578 1292 nu-

180 1335 259 1390 meri
283 1332 460 1393 altitudinis
487 1337 519 1393 et
541 1334 718 1396 latitudinis
734 1333 893 1402 foliorum,
917 1340 997 1412 quot
1013 1335 1164 1396 manibus
1188 1338 1319 1396 exarati.
1343 1351 1422 1394 num
1446 1338 1577 1412 picturis

182 1439 285 1495 ornati
303 1431 422 1515 sint)³³)
439 1442 471 1497 et
493 1437 623 1516 quidem
648 1441 734 1499 notis
757 1439 929 1511 tralaticiis,
954 1439 1071 1500 deinde
1094 1441 1204 1500 litteris
1229 1439 1405 1500 maioribus
1428 1444 1577 1500 accurate

185 1538 412 1601 describuntur
434 1557 543 1619 opera,
578 1558 662 1619 quae
687 1542 855 1604 codicibus
886 1546 1101 1618 continentur,
1132 1560 1207 1604 cum
1243 1547 1312 1603 suis
1345 1541 1494 1604 foliorum
1519 1559 1579 1604 nu·

181 1636 331 1713 meris³⁴)
377 1642 524 1722 Quarum
548 1646 722 1707 litterarum
746 1651 777 1706 in
803 1646 1019 1707 describendo
1042 1651 1196 1726 usurpavi
1221 1646 1343 1707 formas
1368 1647 1467 1706 duas:
1491 1663 1578 1708 cras·

183 1746 324 1808 sioribus
348 1753 499 1809 auctores
523 1755 554 1810 et
577 1751 655 1810 tituli
680 1766 814 1829 operum
839 1755 971 1812 maioris
994 1755 1159 1824 momenti,
1191 1754 1266 1811 item
1298 1751 1410 1810 librarii
1441 1755 1472 1810 et
1501 1754 1577 1812 anni

183 1854 345 1916 notantur,
372 1853 525 1913 tenuibus
549 1859 656 1914 cetera
678 1858 797 1924 omnia,
821 1858 910 1916 initia
931 1859 963 1915 et
985 1854 1070 1916 iines
1093 1871 1239 1932 operum,
1270 1855 1430 1932 opuscula
1458 1854 1576 1932 brevia,

181 1961 289 2021 notae,
315 1961 477 2034 excerpta,
502 1961 573 2017 eius
597 1959 686 2018 modi
709 1960 780 2020 aliu.
804 1957 945 2020 Nomina
960 1965 1139 2024 auctorum,
1164 1974 1247 2037 quae
1271 1962 1302 2019 in
1326 1958 1495 2020 codicibus
1512 1975 1578 2020 non

184 2058 344 2134 leguntur,
369 2059 429 2119 sed
452 2060 582 2122 aliunde
606 2065 768 2142 exquisita
791 2069 877 2129 sunt,
902 2065 1016 2123 inclusi
1045 2066 1182 2128 uncinis,
1214 2079 1299 2140 quos
1333 2063 1442 2122 itidem
1466 2062 1579 2122 crebro

182 2163 314 2223 adhibui
339 2167 371 2225 in
396 2165 534 2225 diversis
557 2166 799 2240 additamentis,
823 2167 943 2246 quibus
967 2166 1203 2245 descriptiones
1228 2167 1427 2245 supplentur.
1451 2163 1577 2234 Titulis,

184 2270 238 2345 qui
262 2284 370 2346 neque
394 2272 424 2329 in
449 2285 584 2349 operum
609 2271 743 2331 exordio
767 2286 872 2349 neque
896 2275 928 2331 in
951 2269 1016 2333 hne
1033 2286 1139 2348 neque
1156 2274 1186 2330 in
1204 2273 1338 2350 registro
1361 2273 1578 2344 inveniuntur,

184 2371 244 2430 sed
270 2388 310 2431 ex
334 2376 407 2449 ipso
430 2380 623 2451 argumento
646 2379 818 2452 compositi
842 2380 929 2452 sunt,
952 2381 1064 2436 notam
1091 2379 1271 2453 »anepign«
1297 2373 1441 2452 praefixi.
1459 2372 1580 2435 Contra

183 2491 400 2555 quaecunque
434 2477 535 2538 verba
569 2483 770 2556 (praesertim
805 2479 935 2540 initialia
969 2485 1001 2540 et
1023 2477 1144 2558 finalia)
1166 2495 1184 2539 e
1208 2478 1376 2539 codicibus
1410 2481 1491 2556 ipsis
1525 2478 1579 2538 de·

186 2585 342 2658 prompsi,
378 2583 480 2661 signis
507 2607 521 2635 »
571 2609 585 2634 «
619 2583 835 2656 includebam‚
870 2599 1049 2663 eorumque
1082 2588 1194 2661 utique
1227 2587 1382 2660 integram
1418 2580 1579 2642 scribendi

183 2688 351 2758 rationem,
376 2688 480 2765 qualis
503 2691 535 2747 in
558 2687 727 2748 codicibus
751 2693 811 2755 est,
828 2688 1015 2757 retinebam,
1032 2704 1098 2749 non
1115 2693 1223 2748 tamen
1246 2691 1299 2760 ita,
1322 2691 1357 2746 ut
1380 2686 1579 2747 maiusculas

184 2789 304 2850 litteras
328 2808 386 2869 pro
410 2793 612 2865 minusculis,
636 2791 650 2851 i
671 2808 728 2869 pro
742 2790 775 2870 j,
798 2810 817 2853 v
841 2809 898 2870 pro
921 2809 944 2852 rr
967 2795 1090 2869 passim
1115 2807 1235 2869 ponere
1258 2795 1291 2850 et
1312 2805 1418 2850 annos
1441 2789 1579 2850 arabicis

184 2908 393 2956 numerorum
419 2899 505 2957 notis
528 2900 707 2974 exprimere
730 2913 866 2958 vererer.
902 2895 1070 2957 Postremo
1093 2897 1202 2956 litteris
1225 2894 1405 2956 minoribus
1436 2909 1579 2954 excusae

190 3004 267 3058 sunt
289 3005 386 3060 notae
411 3000 443 3060 ln
467 3003 627 3078 operculis
652 3002 701 3061 vel
725 3001 809 3061 loliis
833 3001 1016 3079 praeligatis
1040 3005 1071 3060 et
1092 2999 1241 3077 adligatis
1264 3002 1482 3065 occurrentes,
1495 3013 1579 3076 quae

185 3102 374 3182 plerumque
398 3107 504 3182 priora
526 3105 676 3165 codicum
708 3105 774 3166 lata
797 3110 828 3165 et
850 3120 1066 3183 possessores
1096 3107 1307 3176 concernunt,
1341 3117 1578 3181 nonnunquam

183 3207 349 3267 historiam
374 3211 480 3285 ipsam
504 3209 672 3281 illustrant,
697 3214 729 3270 et
751 3215 962 3270 recensentur
983 3207 1164 3286 fragmenta
1186 3210 1404 3285 antiquiorum
1428 3206 1578 3266 codicum

180 3312 231 3371 vel
256 3312 529 3373 documentorum
564 3315 726 3392 operculis
750 3329 816 3375 non
855 3331 927 3375 raro
963 3313 1176 3392 adligatorum
1211 3313 1263 3372 vel
1296 3310 1578 3388 adglutinatorum.

181 3415 309 3493 Quibus
324 3420 419 3492 ‚notis
442 3416 595 3478 finahbus
619 3423 743 3496 passim
778 3419 1029 3498 (nonnunquam
1052 3421 1149 3478 etiam
1180 3414 1451 3494 descriptionibus
1485 3409 1579 3492 ipsis)

182 3519 313 3580 additus
338 3527 389 3580 est
411 3527 588 3599 apparatus
611 3525 664 3601 qui
690 3523 804 3583 dicitur
834 3523 1002 3583 litterarius
1037 3537 1150 3582 eorum
1185 3521 1299 3580 saltem
1335 3518 1578 3597 opusculorum,
1629 3519 1631 3524 “

182 3640 265 3702 quae
289 3625 331 3685 ad
355 3625 522 3686 historiam
549 3631 682 3704 patriam
707 3627 930 3688 illustrandam
960 3626 1111 3686 videntur
1132 3639 1208 3684 esse
1242 3623 1378 3683 alicuius
1413 3623 1578 3690 momenti,

181 3745 279 3807 saepe
302 3733 400 3790 etiam
423 3731 569 3790 aliorum.
614 3728 698 3792 Nam
721 3746 796 3792 cum
821 3734 955 3792 minima
985 3746 1061 3808 pars
1084 3729 1254 3790 latinorum
1278 3726 1429 3788 codicum
1453 3729 1579 3786 nostro·

184 3849 251 3892 mm
279 3833 418 3910 (circiter
444 3833 517 3909 100)
542 3851 630 3896 saec.
653 3833 726 3896 XIV
757 3837 917 3912 antiquior
947 3839 1046 3906 esset,
1081 3835 1225 3894 maxima
1258 3831 1395 3906 (circiter
1416 3827 1514 3906 2100)
1536 3826 1579 3887 ad

180 3939 313 3998 saecula
335 3935 408 4000 XIV
432 3942 463 3999 et
485 3937 546 3998 XV
570 3939 750 4018 referretur,
774 3939 894 4018 quibus
918 3942 1028 3998 omnia
1052 3937 1161 3998 divina
1183 3941 1214 3996 et
1237 3936 1382 3995 humana
1403 3931 1491 4010 apud
1515 3947 1578 3993 nos

181 4043 410 4110 miscebantur,
435 4046 531 4104 etiam
555 4045 586 4104 in
610 4044 673 4104 hoc
697 4050 855 4122 apparatu
871 4042 1094 4121 conquirendo
1110 4055 1222 4101 eorum
1246 4038 1393 4116 inprimis
1416 4035 1578 4105 librorum,

181 4148 233 4223 qui
257 4147 381 4208 illarum
407 4148 572 4208 turbarum
597 4152 693 4209 notas
728 4148 890 4226 quasdam
921 4152 953 4206 et
985 4148 1123 4224 vestigia
1156 4160 1233 4222 prae
1266 4159 1303 4202 se
1337 4140 1465 4212 ferrent,
1499 4141 1579 4199 ratio

181 4251 255 4311 mihi
279 4250 433 4314 habenda
456 4268 531 4311 esse
554 4252 733 4314 videbatur.
780 4250 886 4330 Quem
911 4256 1101 4328 apparatum
1133 4251 1264 4308 minime
1301 4261 1377 4306 esse
1400 4242 1578 4322 perlectum

178 4371 283 4434 neque
308 4356 496 4417 absolutum
532 4373 734 4435 quamquam
765 4356 842 4417 mihi
877 4359 1032 4417 conscius
1057 4369 1141 4426 sum,
1177 4358 1286 4413 tamen
1311 4364 1407 4428 spero
1431 4347 1509 4420 fore,
1544 4351 1580 4407 ut

178 4459 329 4519 historiae
354 4467 486 4521 nostrae
510 4461 745 4522 scrutatoribus
768 4460 830 4521 hae
861 4459 1170 4540 quantulaecunque
1201 4460 1298 4516 notae
1322 4455 1479 4531 gratiores
1514 4453 1579 4511 sint

276 4627 317 4708 ³³)
339 4636 373 4692 In
396 4638 512 4693 schedis
546 4636 634 4692 huius
675 4637 800 4707 catalogi
835 4634 1024 4707 autographis
1047 4635 1249 4704 inposterum
1281 4627 1467 4685 asservandIs
1490 4631 1578 4682 etiam

178 4724 367 4794 annotabam,
391 4725 541 4796 quomodo
564 4723 686 4780 codices
711 4723 790 4794 ligati
815 4729 914 4778 essent
937 4728 965 4777 et
987 4727 1059 4792 quot
1082 4717 1227 4775 columnis
1251 4717 1358 4772 librarii
1381 4713 1578 4785 scrIpsissent,
1654 4717 1659 4728 '

176 4823 249 4880 quas
273 4817 370 4866 tamen
394 4818 491 4879 notas,
515 4827 581 4867 cum
608 4818 707 4866 essent
729 4806 850 4866 minoris
874 4807 1022 4875 momentI,
1046 4807 1093 4862 hie
1116 4805 1291 4862 omittendas
1314 4801 1424 4874 putavi.

274 4907 316 4986 ³⁴)
338 4915 458 4972 Veteres
491 4914 628 4972 foliorum
662 4929 811 4985 numeros,
846 4914 913 4969 licet
946 4914 1089 4969 interdurn
1123 4911 1257 4979 vitiosos,
1282 4913 1401 4963 retinere
1424 4905 1578 4960 studebam

175 5001 279 5058 mellus
302 5011 411 5074 putans
435 5003 508 5059 tales
531 5003 659 5074 codices,
694 5017 819 5073 quorum
854 5000 923 5057 solia
954 4999 1045 5056 multo
1077 5007 1143 5055 ante
1181 5011 1301 5052 »num«
1335 4997 1390 5064 (τ.
1415 4991 1580 5060 numerata)

176 5101 242 5173 s(nt,
267 5095 305 5152 ab
330 5089 412 5150 initio
437 5091 558 5150 indicari
583 5105 674 5161 quam
699 5105 884 5146 numerorum
908 5093 1011 5145 seriem
1035 5092 1150 5145 mutari.
