<?xml version="1.0" encoding="UTF-8"?>
<!DOCTYPE html PUBLIC "-//W3C//DTD XHTML 1.0 Transitional//EN"
    "http://www.w3.org/TR/xhtml1/DTD/xhtml1-transitional.dtd">
<html xmlns="http://www.w3.org/1999/xhtml" xml:lang="en" lang="en">
 <head>
  <title>
</title>
<meta http-equiv="Content-Type" content="text/html;charset=utf-8" />
  <meta name='ocr-system' content='tesseract 3.04.00' />
  <meta name='ocr-capabilities' content='ocr_page ocr_carea ocr_par ocr_line ocrx_word'/>
</head>
<body>
  <div class='ocr_page' id='page_1' title='image "./cataloguscodicu03truhgoog_0180.png"; bbox 0 0 3844 5968; ppageno 0'>
   <div class='ocr_carea' id='block_1_1' title="bbox 1044 585 1109 650">
    <p class='ocr_par' dir='ltr' id='par_1_1' title="bbox 1044 585 1109 650">
     <span class='ocr_line' id='line_1_1' title="bbox 1044 585 1109 650; baseline -0.031 0"><span class='ocrx_word' id='word_1_1' title='bbox 1044 585 1109 650; x_wconf 81' lang='lat'>396</span> 
     </span>
    </p>
   </div>
   <div class='ocr_carea' id='block_1_2' title="bbox 376 797 1779 1140">
    <p class='ocr_par' dir='ltr' id='par_1_2' title="bbox 376 797 1779 1140">
     <span class='ocr_line' id='line_1_2' title="bbox 377 797 1777 879; baseline 0.005 -22"><span class='ocrx_word' id='word_1_2' title='bbox 377 798 525 875; x_wconf 88' lang='lat' dir='ltr'>plebibus</span> <span class='ocrx_word' id='word_1_3' title='bbox 548 798 691 860; x_wconf 87' lang='lat' dir='ltr'>fidelium</span> <span class='ocrx_word' id='word_1_4' title='bbox 723 798 841 862; x_wconf 82' lang='lat' dir='ltr'>Christi</span> <span class='ocrx_word' id='word_1_5' title='bbox 871 800 951 861; x_wconf 88' lang='lat' dir='ltr'>lesu</span> <span class='ocrx_word' id='word_1_6' title='bbox 980 800 1201 879; x_wconf 80' lang='lat' dir='ltr'>quotidianam</span> <span class='ocrx_word' id='word_1_7' title='bbox 1234 802 1290 858; x_wconf 89' lang='lat' dir='ltr'>aut</span> <span class='ocrx_word' id='word_1_8' title='bbox 1311 799 1392 859; x_wconf 87' lang='lat' dir='ltr'>alias</span> <span class='ocrx_word' id='word_1_9' title='bbox 1415 797 1616 877; x_wconf 86' lang='lat' dir='ltr'>frequentem</span> <span class='ocrx_word' id='word_1_10' title='bbox 1640 803 1777 864; x_wconf 88' lang='lat' dir='ltr'>mandu-</span> 
     </span>
     <span class='ocr_line' id='line_1_3' title="bbox 378 884 1779 968; baseline 0.004 -24"><span class='ocrx_word' id='word_1_11' title='bbox 378 887 547 946; x_wconf 87' lang='lat' dir='ltr'>cacionem</span> <span class='ocrx_word' id='word_1_12' title='bbox 571 891 603 947; x_wconf 90' lang='lat' dir='ltr'>et</span> <span class='ocrx_word' id='word_1_13' title='bbox 625 887 819 948; x_wconf 91' lang='lat' dir='ltr'>bibicionem</span> <span class='ocrx_word' id='word_1_14' title='bbox 844 891 989 966; x_wconf 89' lang='lat' dir='ltr'>corporis</span> <span class='ocrx_word' id='word_1_15' title='bbox 1019 892 1051 947; x_wconf 91' lang='lat' dir='ltr'>ct</span> <span class='ocrx_word' id='word_1_16' title='bbox 1081 890 1261 964; x_wconf 81' lang='lat' dir='ltr'>sanguinis</span> <span class='ocrx_word' id='word_1_17' title='bbox 1292 885 1373 946; x_wconf 84' lang='lat' dir='ltr'>lesu</span> <span class='ocrx_word' id='word_1_18' title='bbox 1403 884 1551 948; x_wconf 80' lang='lat' dir='ltr'>Christi«</span> <span class='ocrx_word' id='word_1_19' title='bbox 1589 888 1779 968; x_wconf 82' lang='lat' dir='ltr'>(Exemplar</span> 
     </span>
     <span class='ocr_line' id='line_1_4' title="bbox 376 971 1774 1053; baseline 0.004 -22"><span class='ocrx_word' id='word_1_20' title='bbox 376 971 440 1032; x_wconf 93' lang='lat' dir='ltr'>hoc</span> <span class='ocrx_word' id='word_1_21' title='bbox 462 972 505 1032; x_wconf 86' lang='lat' dir='ltr'>ab</span> <span class='ocrx_word' id='word_1_22' title='bbox 528 976 600 1051; x_wconf 92' lang='lat' dir='ltr'>ipso</span> <span class='ocrx_word' id='word_1_23' title='bbox 617 979 748 1035; x_wconf 85' lang='lat' dir='ltr'>auctore</span> <span class='ocrx_word' id='word_1_24' title='bbox 772 978 804 1035; x_wconf 93' lang='lat' dir='ltr'>in</span> <span class='ocrx_word' id='word_1_25' title='bbox 828 979 972 1053; x_wconf 87' lang='lat' dir='ltr'>margine</span> <span class='ocrx_word' id='word_1_26' title='bbox 988 982 1020 1034; x_wconf 90' lang='lat' dir='ltr'>et</span> <span class='ocrx_word' id='word_1_27' title='bbox 1032 973 1165 1034; x_wconf 90' lang='lat' dir='ltr'>schedis</span> <span class='ocrx_word' id='word_1_28' title='bbox 1177 976 1306 1033; x_wconf 90' lang='lat' dir='ltr'>insertis</span> <span class='ocrx_word' id='word_1_29' title='bbox 1322 979 1503 1032; x_wconf 90' lang='lat' dir='ltr'>correctum</span> <span class='ocrx_word' id='word_1_30' title='bbox 1520 991 1597 1035; x_wconf 89' lang='lat' dir='ltr'>esse</span> <span class='ocrx_word' id='word_1_31' title='bbox 1612 975 1774 1051; x_wconf 86' lang='lat' dir='ltr'>videtur).</span> 
     </span>
     <span class='ocr_line' id='line_1_5' title="bbox 377 1056 1457 1140; baseline 0.002 -22"><span class='ocrx_word' id='word_1_32' title='bbox 377 1056 412 1118; x_wconf 95' lang='lat' dir='ltr'>ln</span> <span class='ocrx_word' id='word_1_33' title='bbox 437 1057 457 1119; x_wconf 86' lang='lat' dir='ltr'>i.</span> <span class='ocrx_word' id='word_1_34' title='bbox 485 1059 540 1120; x_wconf 89' lang='lat'>151</span> <span class='ocrx_word' id='word_1_35' title='bbox 569 1059 729 1121; x_wconf 87' lang='lat' dir='ltr'>rubricata</span> <span class='ocrx_word' id='word_1_36' title='bbox 752 1061 915 1140; x_wconf 89' lang='lat' dir='ltr'>quaedam</span> <span class='ocrx_word' id='word_1_37' title='bbox 938 1065 1017 1122; x_wconf 88' lang='lat' dir='ltr'>nota</span> <span class='ocrx_word' id='word_1_38' title='bbox 1038 1064 1070 1121; x_wconf 92' lang='lat' dir='ltr'>in</span> <span class='ocrx_word' id='word_1_39' title='bbox 1094 1063 1238 1136; x_wconf 87' lang='lat' dir='ltr'>margine</span> <span class='ocrx_word' id='word_1_40' title='bbox 1262 1059 1376 1119; x_wconf 90' lang='lat' dir='ltr'>evulsa</span> <span class='ocrx_word' id='word_1_41' title='bbox 1399 1065 1457 1120; x_wconf 91' lang='lat' dir='ltr'>est.</span> 
     </span>
    </p>
   </div>
   <div class='ocr_carea' id='block_1_3' title="bbox 376 1164 1782 1658">
    <p class='ocr_par' dir='ltr' id='par_1_3' title="bbox 376 1164 1782 1658">
     <span class='ocr_line' id='line_1_6' title="bbox 486 1164 1779 1224; baseline 0.004 -5"><span class='ocrx_word' id='word_1_42' title='bbox 486 1164 560 1220; x_wconf 89' lang='lat' dir='ltr'>Cum</span> <span class='ocrx_word' id='word_1_43' title='bbox 585 1169 621 1222; x_wconf 89' lang='lat' dir='ltr'>ad</span> <span class='ocrx_word' id='word_1_44' title='bbox 645 1167 756 1222; x_wconf 89' lang='lat' dir='ltr'>calcem</span> <span class='ocrx_word' id='word_1_45' title='bbox 780 1168 798 1224; x_wconf 88' lang='lat' dir='ltr'>i.</span> <span class='ocrx_word' id='word_1_46' title='bbox 827 1169 838 1223; x_wconf 99' lang='grc'><strong>1</strong></span> <span class='ocrx_word' id='word_1_47' title='bbox 867 1171 947 1224; x_wconf 89' lang='lat' dir='ltr'>etin</span> <span class='ocrx_word' id='word_1_48' title='bbox 971 1167 1064 1224; x_wconf 87' lang='lat' dir='ltr'>fronte</span> <span class='ocrx_word' id='word_1_49' title='bbox 1087 1167 1136 1223; x_wconf 88' lang='lat' dir='ltr'>iol.</span> <span class='ocrx_word' id='word_1_50' title='bbox 1161 1167 1216 1222; x_wconf 90' lang='grc'>41·</span> <span class='ocrx_word' id='word_1_51' title='bbox 1239 1173 1393 1221; x_wconf 89' lang='lat' dir='ltr'>occurrant</span> <span class='ocrx_word' id='word_1_52' title='bbox 1427 1173 1514 1221; x_wconf 89' lang='lat' dir='ltr'>notae</span> <span class='ocrx_word' id='word_1_53' title='bbox 1540 1165 1615 1224; x_wconf 76' lang='lat' dir='ltr'>»iste</span> <span class='ocrx_word' id='word_1_54' title='bbox 1638 1174 1684 1224; x_wconf 90' lang='lat' dir='ltr'>est</span> <span class='ocrx_word' id='word_1_55' title='bbox 1706 1170 1779 1224; x_wconf 91' lang='lat' dir='ltr'>liber</span> 
     </span>
     <span class='ocr_line' id='line_1_7' title="bbox 376 1250 1780 1326; baseline 0.003 -20"><span class='ocrx_word' id='word_1_56' title='bbox 376 1250 416 1307; x_wconf 90' lang='lat' dir='ltr'>M.</span> <span class='ocrx_word' id='word_1_57' title='bbox 440 1250 550 1307; x_wconf 86' lang='lat' dir='ltr'>Mathie</span> <span class='ocrx_word' id='word_1_58' title='bbox 574 1255 609 1308; x_wconf 91' lang='lat' dir='ltr'>de</span> <span class='ocrx_word' id='word_1_59' title='bbox 633 1253 768 1324; x_wconf 89' lang='lat' dir='ltr'>Janow‹,</span> <span class='ocrx_word' id='word_1_60' title='bbox 792 1255 860 1310; x_wconf 90' lang='lat' dir='ltr'>item</span> <span class='ocrx_word' id='word_1_61' title='bbox 884 1269 960 1326; x_wconf 88' lang='lat' dir='ltr'>opus</span> <span class='ocrx_word' id='word_1_62' title='bbox 980 1253 1002 1309; x_wconf 88' lang='grc'>1.</span> <span class='ocrx_word' id='word_1_63' title='bbox 1032 1253 1197 1310; x_wconf 84' lang='grc'><strong>102-178</strong></span> <span class='ocrx_word' id='word_1_64' title='bbox 1221 1253 1315 1324; x_wconf 92' lang='lat' dir='ltr'>ipsius</span> <span class='ocrx_word' id='word_1_65' title='bbox 1339 1251 1479 1308; x_wconf 83' lang='lat' dir='ltr'>Matthiae</span> <span class='ocrx_word' id='word_1_66' title='bbox 1490 1255 1538 1321; x_wconf 89' lang='lat' dir='ltr'>sit,</span> <span class='ocrx_word' id='word_1_67' title='bbox 1562 1257 1695 1310; x_wconf 86' lang='lat' dir='ltr'>dubitare</span> <span class='ocrx_word' id='word_1_68' title='bbox 1718 1271 1780 1311; x_wconf 94' lang='lat' dir='ltr'>non</span> 
     </span>
     <span class='ocr_line' id='line_1_8' title="bbox 376 1340 1781 1412; baseline 0.004 -20"><span class='ocrx_word' id='word_1_69' title='bbox 376 1353 546 1409; x_wconf 89' lang='lat' dir='ltr'>possumus,</span> <span class='ocrx_word' id='word_1_70' title='bbox 582 1341 653 1410; x_wconf 90' lang='lat' dir='ltr'>quin</span> <span class='ocrx_word' id='word_1_71' title='bbox 683 1342 774 1396; x_wconf 88' lang='lat' dir='ltr'>totius</span> <span class='ocrx_word' id='word_1_72' title='bbox 804 1341 916 1397; x_wconf 91' lang='lat' dir='ltr'>codicis</span> <span class='ocrx_word' id='word_1_73' title='bbox 947 1340 1150 1396; x_wconf 90' lang='lat' dir='ltr'>celeberrimus</span> <span class='ocrx_word' id='word_1_74' title='bbox 1181 1340 1229 1394; x_wconf 90' lang='lat' dir='ltr'>ille</span> <span class='ocrx_word' id='word_1_75' title='bbox 1259 1355 1431 1410; x_wconf 85' lang='lat' dir='ltr'>praecursor</span> <span class='ocrx_word' id='word_1_76' title='bbox 1453 1341 1601 1397; x_wconf 87' lang='lat' dir='ltr'>husitisnri</span> <span class='ocrx_word' id='word_1_77' title='bbox 1623 1357 1781 1412; x_wconf 89' lang='lat' dir='ltr'>possessor</span> 
     </span>
     <span class='ocr_line' id='line_1_9' title="bbox 376 1425 1781 1500; baseline 0.004 -22"><span class='ocrx_word' id='word_1_78' title='bbox 376 1425 469 1496; x_wconf 84' lang='lat' dir='ltr'>luerit,</span> <span class='ocrx_word' id='word_1_79' title='bbox 499 1426 527 1481; x_wconf 91' lang='lat' dir='ltr'>id</span> <span class='ocrx_word' id='word_1_80' title='bbox 559 1427 638 1497; x_wconf 90' lang='lat' dir='ltr'>quod</span> <span class='ocrx_word' id='word_1_81' title='bbox 667 1428 771 1497; x_wconf 88' lang='lat' dir='ltr'>probat</span> <span class='ocrx_word' id='word_1_82' title='bbox 801 1425 930 1498; x_wconf 80' lang='lat' dir='ltr'>Palaclry</span> <span class='ocrx_word' id='word_1_83' title='bbox 965 1427 983 1484; x_wconf 93' lang='lat' dir='ltr'>l.</span> <span class='ocrx_word' id='word_1_84' title='bbox 1016 1444 1041 1484; x_wconf 91' lang='lat' dir='ltr'>c.</span> <span class='ocrx_word' id='word_1_85' title='bbox 1064 1425 1098 1482; x_wconf 89' lang='lat' dir='ltr'>In</span> <span class='ocrx_word' id='word_1_86' title='bbox 1121 1427 1170 1482; x_wconf 83' lang='lat' dir='ltr'>iol.</span> <span class='ocrx_word' id='word_1_87' title='bbox 1194 1427 1355 1497; x_wconf 86' lang='lat' dir='ltr'>praeligato</span> <span class='ocrx_word' id='word_1_88' title='bbox 1377 1429 1559 1498; x_wconf 88' lang='lat' dir='ltr'>reperiuntur</span> <span class='ocrx_word' id='word_1_89' title='bbox 1580 1430 1640 1484; x_wconf 90' lang='lat' dir='ltr'>duo</span> <span class='ocrx_word' id='word_1_90' title='bbox 1663 1429 1781 1500; x_wconf 86' lang='lat' dir='ltr'>prothe-</span> 
     </span>
     <span class='ocr_line' id='line_1_10' title="bbox 377 1513 1782 1585; baseline 0.004 -19"><span class='ocrx_word' id='word_1_91' title='bbox 377 1517 456 1566; x_wconf 87' lang='lat' dir='ltr'>mata</span> <span class='ocrx_word' id='word_1_92' title='bbox 479 1527 646 1568; x_wconf 85' lang='lat' dir='ltr'>sermonum</span> <span class='ocrx_word' id='word_1_93' title='bbox 677 1513 720 1585; x_wconf 94' lang='lat' dir='ltr'>(in</span> <span class='ocrx_word' id='word_1_94' title='bbox 744 1513 818 1569; x_wconf 84' lang='lat' dir='ltr'>sesto</span> <span class='ocrx_word' id='word_1_95' title='bbox 841 1513 988 1570; x_wconf 84' lang='lat' dir='ltr'>Laurentii</span> <span class='ocrx_word' id='word_1_96' title='bbox 1012 1521 1039 1569; x_wconf 91' lang='lat' dir='ltr'>et</span> <span class='ocrx_word' id='word_1_97' title='bbox 1062 1515 1092 1569; x_wconf 93' lang='lat' dir='ltr'>in</span> <span class='ocrx_word' id='word_1_98' title='bbox 1116 1514 1324 1584; x_wconf 85' lang='lat' dir='ltr'>dedicatione),</span> <span class='ocrx_word' id='word_1_99' title='bbox 1348 1529 1423 1585; x_wconf 89' lang='lat' dir='ltr'>quae</span> <span class='ocrx_word' id='word_1_100' title='bbox 1446 1529 1535 1569; x_wconf 91' lang='lat' dir='ltr'>manu</span> <span class='ocrx_word' id='word_1_101' title='bbox 1559 1515 1692 1571; x_wconf 90' lang='lat' dir='ltr'>eiusdem</span> <span class='ocrx_word' id='word_1_102' title='bbox 1704 1515 1782 1570; x_wconf 90' lang='lat' dir='ltr'>Mat·</span> 
     </span>
     <span class='ocr_line' id='line_1_11' title="bbox 377 1598 841 1658; baseline 0.006 -4"><span class='ocrx_word' id='word_1_103' title='bbox 377 1598 454 1654; x_wconf 87' lang='lat' dir='ltr'>thiae</span> <span class='ocrx_word' id='word_1_104' title='bbox 477 1600 587 1655; x_wconf 88' lang='lat' dir='ltr'>inserta</span> <span class='ocrx_word' id='word_1_105' title='bbox 610 1615 675 1656; x_wconf 87' lang='lat' dir='ltr'>esse</span> <span class='ocrx_word' id='word_1_106' title='bbox 697 1601 841 1658; x_wconf 89' lang='lat' dir='ltr'>videntur.</span> 
     </span>
    </p>
   </div>
   <div class='ocr_carea' id='block_1_4' title="bbox 481 1783 1324 1868">
    <p class='ocr_par' dir='ltr' id='par_1_4' title="bbox 481 1783 1324 1868">
     <span class='ocr_line' id='line_1_12' title="bbox 481 1783 1324 1868; baseline -0.013 -5"><span class='ocrx_word' id='word_1_107' title='bbox 481 1783 562 1866; x_wconf 84' lang='grc'>396</span> <span class='ocrx_word' id='word_1_108' title='bbox 824 1787 897 1862; x_wconf 88' lang='lat' dir='ltr'>III.</span> <span class='ocrx_word' id='word_1_109' title='bbox 925 1787 972 1862; x_wconf 90' lang='grc' dir='ltr'>Α.</span> <span class='ocrx_word' id='word_1_110' title='bbox 1002 1787 1123 1868; x_wconf 82' lang='grc' dir='ltr'><strong>11.(Υ.</strong></span> <span class='ocrx_word' id='word_1_111' title='bbox 1141 1801 1162 1855; x_wconf 83' lang='lat' dir='ltr'>J.</span> <span class='ocrx_word' id='word_1_112' title='bbox 1181 1803 1206 1854; x_wconf 79' lang='lat' dir='ltr'>t.</span> <span class='ocrx_word' id='word_1_113' title='bbox 1225 1819 1251 1854; x_wconf 73' lang='lat' dir='ltr'>a.</span> <span class='ocrx_word' id='word_1_114' title='bbox 1272 1805 1324 1866; x_wconf 84' lang='lat' dir='ltr'>rr.)</span> 
     </span>
    </p>
   </div>
   <div class='ocr_carea' id='block_1_5' title="bbox 376 1921 1370 2006">
    <p class='ocr_par' dir='ltr' id='par_1_5' title="bbox 376 1921 1370 2006">
     <span class='ocr_line' id='line_1_13' title="bbox 376 1921 1370 2006; baseline 0.006 -22"><span class='ocrx_word' id='word_1_115' title='bbox 376 1921 486 1985; x_wconf 85' lang='lat' dir='ltr'>chart.</span> <span class='ocrx_word' id='word_1_116' title='bbox 508 1941 596 1986; x_wconf 83' lang='lat' dir='ltr'>saec.</span> <span class='ocrx_word' id='word_1_117' title='bbox 611 1924 699 1987; x_wconf 89' lang='lat' dir='ltr'>XIV</span> <span class='ocrx_word' id='word_1_118' title='bbox 708 1925 757 2006; x_wconf 86' lang='lat' dir='ltr'>fs.</span> <span class='ocrx_word' id='word_1_119' title='bbox 781 1928 847 1990; x_wconf 87' lang='lat'>152</span> <span class='ocrx_word' id='word_1_120' title='bbox 869 1945 973 2004; x_wconf 69' lang='lat' dir='ltr'>utrm,</span> <span class='ocrx_word' id='word_1_121' title='bbox 996 1928 1178 1996; x_wconf 77' lang='lat' dir='ltr'>29·5&gt;&lt;2r</span> <span class='ocrx_word' id='word_1_122' title='bbox 1196 1945 1258 1990; x_wconf 89' lang='lat' dir='ltr'>cm.</span> <span class='ocrx_word' id='word_1_123' title='bbox 1282 1928 1304 1990; x_wconf 85' lang='lat'>2</span> <span class='ocrx_word' id='word_1_124' title='bbox 1326 1947 1370 1990; x_wconf 90' lang='lat' dir='ltr'>m.</span> 
     </span>
    </p>
   </div>
   <div class='ocr_carea' id='block_1_6' title="bbox 378 2044 1782 2279">
    <p class='ocr_par' dir='ltr' id='par_1_6' title="bbox 378 2044 1782 2279">
     <span class='ocr_line' id='line_1_14' title="bbox 486 2044 1781 2128; baseline 0.003 -23"><span class='ocrx_word' id='word_1_125' title='bbox 486 2044 506 2106; x_wconf 88' lang='grc'>1.</span> <span class='ocrx_word' id='word_1_126' title='bbox 535 2046 652 2108; x_wconf 87' lang='grc'><strong>1-30·</strong></span> <span class='ocrx_word' id='word_1_127' title='bbox 674 2047 866 2128; x_wconf 83' lang='lat' dir='ltr'>(Guilelmi)</span> <span class='ocrx_word' id='word_1_128' title='bbox 888 2049 1017 2111; x_wconf 88' lang='lat' dir='ltr'>Hesbri</span> <span class='ocrx_word' id='word_1_129' title='bbox 1041 2050 1097 2128; x_wconf 89' lang='lat'>(:</span> <span class='ocrx_word' id='word_1_130' title='bbox 1110 2049 1340 2128; x_wconf 82' lang='lat' dir='ltr'>Hentisberii)</span> <span class='ocrx_word' id='word_1_131' title='bbox 1371 2049 1508 2128; x_wconf 89' lang='lat' dir='ltr'>Logica.</span> <span class='ocrx_word' id='word_1_132' title='bbox 1543 2048 1686 2127; x_wconf 83' lang='lat' dir='ltr'>»Regula</span> <span class='ocrx_word' id='word_1_133' title='bbox 1717 2051 1781 2110; x_wconf 94' lang='lat' dir='ltr'>sol-</span> 
     </span>
     <span class='ocr_line' id='line_1_15' title="bbox 378 2131 1782 2279; baseline 0.004 -87"><span class='ocrx_word' id='word_1_134' title='bbox 378 2131 720 2279; x_wconf 48' lang='lat' dir='ltr'>Iuleerrsclljris«r)phismata‹</span> <span class='ocrx_word' id='word_1_135' title='bbox 748 2141 780 2196; x_wconf 92' lang='lat'>&gt;&lt;</span> <span class='ocrx_word' id='word_1_136' title='bbox 806 2140 924 2197; x_wconf 85' lang='lat' dir='ltr'>»nimia</span> <span class='ocrx_word' id='word_1_137' title='bbox 954 2141 1153 2198; x_wconf 87' lang='lat' dir='ltr'>narracionis</span> <span class='ocrx_word' id='word_1_138' title='bbox 1178 2137 1353 2214; x_wconf 84' lang='lat' dir='ltr'>prolixitas.</span> <span class='ocrx_word' id='word_1_139' title='bbox 1377 2136 1419 2198; x_wconf 92' lang='lat' dir='ltr'>Et</span> <span class='ocrx_word' id='word_1_140' title='bbox 1442 2141 1489 2196; x_wconf 91' lang='lat' dir='ltr'>sic</span> <span class='ocrx_word' id='word_1_141' title='bbox 1513 2142 1565 2197; x_wconf 88' lang='lat' dir='ltr'>est</span> <span class='ocrx_word' id='word_1_142' title='bbox 1587 2137 1663 2198; x_wconf 87' lang='lat' dir='ltr'>finis</span> <span class='ocrx_word' id='word_1_143' title='bbox 1688 2138 1782 2215; x_wconf 90' lang='lat' dir='ltr'>loyce</span> 
     </span>
    </p>
   </div>
   <div class='ocr_carea' id='block_1_7' title="bbox 381 2322 1784 2574">
    <p class='ocr_par' dir='ltr' id='par_1_7' title="bbox 381 2322 1784 2574">
     <span class='ocr_line' id='line_1_16' title="bbox 488 2322 1784 2416; baseline 0.003 -33"><span class='ocrx_word' id='word_1_144' title='bbox 488 2322 508 2384; x_wconf 88' lang='lat' dir='ltr'>l.</span> <span class='ocrx_word' id='word_1_145' title='bbox 532 2323 716 2386; x_wconf 63' lang='lat'>312-1042</span> <span class='ocrx_word' id='word_1_146' title='bbox 739 2324 882 2388; x_wconf 83' lang='lat' dir='ltr'>Bemlril</span> <span class='ocrx_word' id='word_1_147' title='bbox 905 2327 948 2404; x_wconf 81' lang='lat' dir='ltr'>(i)</span> <span class='ocrx_word' id='word_1_148' title='bbox 971 2325 1107 2405; x_wconf 84' lang='lat' dir='ltr'>Logica.</span> <span class='ocrx_word' id='word_1_149' title='bbox 1142 2327 1212 2387; x_wconf 83' lang='lat' dir='ltr'>»Act</span> <span class='ocrx_word' id='word_1_150' title='bbox 1236 2327 1367 2406; x_wconf 90' lang='lat' dir='ltr'>loycam</span> <span class='ocrx_word' id='word_1_151' title='bbox 1402 2327 1667 2404; x_wconf 85' lang='lat' dir='ltr'>pertractandum</span> <span class='ocrx_word' id='word_1_152' title='bbox 1693 2330 1784 2416; x_wconf 87' lang='lat' dir='ltr'>cogit</span> 
     </span>
     <span class='ocr_line' id='line_1_17' title="bbox 381 2413 1783 2488; baseline 0.004 -19"><span class='ocrx_word' id='word_1_153' title='bbox 381 2425 433 2470; x_wconf 94' lang='lat' dir='ltr'>me</span> <span class='ocrx_word' id='word_1_154' title='bbox 457 2415 661 2488; x_wconf 86' lang='lat' dir='ltr'>superiorum</span> <span class='ocrx_word' id='word_1_155' title='bbox 685 2429 833 2474; x_wconf 91' lang='lat' dir='ltr'>meorum</span> <span class='ocrx_word' id='word_1_156' title='bbox 856 2419 1051 2475; x_wconf 83' lang='lat' dir='ltr'>auctoritas«</span> <span class='ocrx_word' id='word_1_157' title='bbox 1070 2415 1103 2473; x_wconf 90' lang='grc'>&gt;&lt;</span> <span class='ocrx_word' id='word_1_158' title='bbox 1124 2413 1201 2473; x_wconf 85' lang='lat' dir='ltr'>»sed</span> <span class='ocrx_word' id='word_1_159' title='bbox 1225 2429 1327 2474; x_wconf 88' lang='lat' dir='ltr'>causa</span> <span class='ocrx_word' id='word_1_160' title='bbox 1350 2413 1517 2472; x_wconf 89' lang='lat' dir='ltr'>brevitatis</span> <span class='ocrx_word' id='word_1_161' title='bbox 1541 2417 1629 2475; x_wconf 91' lang='lat' dir='ltr'>nunc</span> <span class='ocrx_word' id='word_1_162' title='bbox 1646 2413 1783 2474; x_wconf 81' lang='lat' dir='ltr'>obmitto</span> 
     </span>
     <span class='ocr_line' id='line_1_18' title="bbox 381 2496 1120 2574; baseline 0.007 -19"><span class='ocrx_word' id='word_1_163' title='bbox 381 2496 566 2574; x_wconf 88' lang='lat' dir='ltr'>frequenter</span> <span class='ocrx_word' id='word_1_164' title='bbox 589 2497 722 2560; x_wconf 82' lang='lat' dir='ltr'>inferius</span> <span class='ocrx_word' id='word_1_165' title='bbox 746 2499 786 2560; x_wconf 89' lang='lat' dir='ltr'>dc</span> <span class='ocrx_word' id='word_1_166' title='bbox 810 2500 872 2560; x_wconf 92' lang='lat' dir='ltr'>hiis</span> <span class='ocrx_word' id='word_1_167' title='bbox 896 2506 1120 2562; x_wconf 81' lang='lat' dir='ltr'>tractaturus«</span> 
     </span>
    </p>
   </div>
   <div class='ocr_carea' id='block_1_8' title="bbox 381 2600 1784 2855">
    <p class='ocr_par' dir='ltr' id='par_1_8' title="bbox 381 2600 1784 2855">
     <span class='ocr_line' id='line_1_19' title="bbox 488 2600 1784 2683; baseline 0.002 -22"><span class='ocrx_word' id='word_1_168' title='bbox 488 2600 508 2661; x_wconf 86' lang='lat' dir='ltr'>i.</span> <span class='ocrx_word' id='word_1_169' title='bbox 537 2600 738 2663; x_wconf 62' lang='lat' dir='ltr'>1052-152l</span> <span class='ocrx_word' id='word_1_170' title='bbox 762 2602 895 2665; x_wconf 91' lang='lat' dir='ltr'>Alberti</span> <span class='ocrx_word' id='word_1_171' title='bbox 919 2605 975 2678; x_wconf 93' lang='lat' dir='ltr'>(de</span> <span class='ocrx_word' id='word_1_172' title='bbox 998 2600 1168 2683; x_wconf 84' lang='lat' dir='ltr'>saxonia)</span> <span class='ocrx_word' id='word_1_173' title='bbox 1191 2601 1427 2681; x_wconf 82' lang='lat' dir='ltr'>sophismata.</span> <span class='ocrx_word' id='word_1_174' title='bbox 1454 2601 1523 2664; x_wconf 86' lang='lat' dir='ltr'>»Ob</span> <span class='ocrx_word' id='word_1_175' title='bbox 1540 2607 1690 2681; x_wconf 89' lang='lat' dir='ltr'>rogatum</span> <span class='ocrx_word' id='word_1_176' title='bbox 1703 2620 1784 2683; x_wconf 94' lang='lat' dir='ltr'>quo-</span> 
     </span>
     <span class='ocr_line' id='line_1_20' title="bbox 381 2686 1784 2769; baseline 0.004 -24"><span class='ocrx_word' id='word_1_177' title='bbox 381 2686 518 2747; x_wconf 82' lang='lat' dir='ltr'>tundam</span> <span class='ocrx_word' id='word_1_178' title='bbox 543 2692 707 2749; x_wconf 91' lang='lat' dir='ltr'>sociorum</span> <span class='ocrx_word' id='word_1_179' title='bbox 732 2688 794 2750; x_wconf 93' lang='lat' dir='ltr'>deo</span> <span class='ocrx_word' id='word_1_180' title='bbox 818 2689 965 2751; x_wconf 81' lang='lat' dir='ltr'>favente«</span> <span class='ocrx_word' id='word_1_181' title='bbox 992 2693 1025 2748; x_wconf 81' lang='lat'>&gt;&lt;</span> <span class='ocrx_word' id='word_1_182' title='bbox 1051 2696 1106 2751; x_wconf 85' lang='lat' dir='ltr'>»ut</span> <span class='ocrx_word' id='word_1_183' title='bbox 1128 2694 1316 2769; x_wconf 90' lang='lat' dir='ltr'>oppositum</span> <span class='ocrx_word' id='word_1_184' title='bbox 1339 2694 1434 2750; x_wconf 89' lang='lat' dir='ltr'>istius</span> <span class='ocrx_word' id='word_1_185' title='bbox 1449 2690 1589 2769; x_wconf 89' lang='lat' dir='ltr'>probant</span> <span class='ocrx_word' id='word_1_186' title='bbox 1605 2693 1706 2768; x_wconf 92' lang='lat' dir='ltr'>prime</span> <span class='ocrx_word' id='word_1_187' title='bbox 1719 2689 1784 2750; x_wconf 93' lang='lat' dir='ltr'>due</span> 
     </span>
     <span class='ocr_line' id='line_1_21' title="bbox 382 2774 1729 2855; baseline 0.004 -23"><span class='ocrx_word' id='word_1_188' title='bbox 382 2777 540 2835; x_wconf 82' lang='lat' dir='ltr'>raciones</span> <span class='ocrx_word' id='word_1_189' title='bbox 565 2774 606 2835; x_wconf 92' lang='lat' dir='ltr'>Et</span> <span class='ocrx_word' id='word_1_190' title='bbox 629 2779 676 2836; x_wconf 93' lang='lat' dir='ltr'>sic</span> <span class='ocrx_word' id='word_1_191' title='bbox 700 2783 752 2837; x_wconf 90' lang='lat' dir='ltr'>est</span> <span class='ocrx_word' id='word_1_192' title='bbox 774 2775 849 2838; x_wconf 82' lang='lat' dir='ltr'>linis</span> <span class='ocrx_word' id='word_1_193' title='bbox 873 2777 971 2838; x_wconf 92' lang='lat' dir='ltr'>huius</span> <span class='ocrx_word' id='word_1_194' title='bbox 995 2785 1075 2838; x_wconf 80' lang='lat' dir='ltr'>etc«</span> <span class='ocrx_word' id='word_1_195' title='bbox 1102 2775 1255 2855; x_wconf 90' lang='lat' dir='ltr'>Sequitur</span> <span class='ocrx_word' id='word_1_196' title='bbox 1278 2781 1449 2854; x_wconf 85' lang='lat' dir='ltr'>registrum</span> <span class='ocrx_word' id='word_1_197' title='bbox 1475 2777 1729 2853; x_wconf 89' lang='lat' dir='ltr'>sophismatum.</span> 
     </span>
    </p>
   </div>
   <div class='ocr_carea' id='block_1_9' title="bbox 381 2896 1788 3320">
    <p class='ocr_par' dir='ltr' id='par_1_9' title="bbox 381 2896 1788 3320">
     <span class='ocr_line' id='line_1_22' title="bbox 489 2896 1784 2972; baseline 0.002 -20"><span class='ocrx_word' id='word_1_198' title='bbox 489 2896 707 2968; x_wconf 90' lang='lat' dir='ltr'>Opusculorum</span> <span class='ocrx_word' id='word_1_199' title='bbox 730 2902 822 2957; x_wconf 86' lang='lat' dir='ltr'>hocce</span> <span class='ocrx_word' id='word_1_200' title='bbox 844 2902 947 2958; x_wconf 90' lang='lat' dir='ltr'>codice</span> <span class='ocrx_word' id='word_1_201' title='bbox 971 2908 1175 2958; x_wconf 87' lang='lat' dir='ltr'>contentorum</span> <span class='ocrx_word' id='word_1_202' title='bbox 1198 2902 1295 2956; x_wconf 93' lang='lat' dir='ltr'>solum</span> <span class='ocrx_word' id='word_1_203' title='bbox 1318 2902 1443 2972; x_wconf 90' lang='lat' dir='ltr'>primum</span> <span class='ocrx_word' id='word_1_204' title='bbox 1466 2900 1587 2970; x_wconf 84' lang='lat' dir='ltr'>praefert</span> <span class='ocrx_word' id='word_1_205' title='bbox 1610 2915 1718 2955; x_wconf 90' lang='lat' dir='ltr'>nomen</span> <span class='ocrx_word' id='word_1_206' title='bbox 1736 2903 1784 2955; x_wconf 92' lang='lat' dir='ltr'>sui</span> 
     </span>
     <span class='ocr_line' id='line_1_23' title="bbox 382 2987 1786 3060; baseline 0.003 -22"><span class='ocrx_word' id='word_1_207' title='bbox 382 2987 520 3053; x_wconf 87' lang='lat' dir='ltr'>auctoris,</span> <span class='ocrx_word' id='word_1_208' title='bbox 545 2993 680 3042; x_wconf 86' lang='lat' dir='ltr'>auctores</span> <span class='ocrx_word' id='word_1_209' title='bbox 704 2989 826 3044; x_wconf 90' lang='lat' dir='ltr'>secundi</span> <span class='ocrx_word' id='word_1_210' title='bbox 850 2996 878 3044; x_wconf 87' lang='lat' dir='ltr'>et</span> <span class='ocrx_word' id='word_1_211' title='bbox 902 2989 977 3044; x_wconf 86' lang='lat' dir='ltr'>tertii</span> <span class='ocrx_word' id='word_1_212' title='bbox 1001 2990 1181 3060; x_wconf 89' lang='lat' dir='ltr'>sumpsimus</span> <span class='ocrx_word' id='word_1_213' title='bbox 1205 3001 1242 3044; x_wconf 86' lang='lat' dir='ltr'>ex</span> <span class='ocrx_word' id='word_1_214' title='bbox 1265 2988 1454 3059; x_wconf 90' lang='lat' dir='ltr'>inscriptione</span> <span class='ocrx_word' id='word_1_215' title='bbox 1471 2987 1628 3053; x_wconf 85' lang='lat' dir='ltr'>rubricata,</span> <span class='ocrx_word' id='word_1_216' title='bbox 1646 3002 1722 3058; x_wconf 88' lang='lat' dir='ltr'>quae</span> <span class='ocrx_word' id='word_1_217' title='bbox 1740 2993 1786 3042; x_wconf 88' lang='lat' dir='ltr'>est</span> 
     </span>
     <span class='ocr_line' id='line_1_24' title="bbox 381 3070 1787 3147; baseline 0.001 -21"><span class='ocrx_word' id='word_1_218' title='bbox 381 3070 558 3126; x_wconf 86' lang='lat' dir='ltr'>intrinsecus</span> <span class='ocrx_word' id='word_1_219' title='bbox 581 3073 611 3127; x_wconf 92' lang='lat' dir='ltr'>in</span> <span class='ocrx_word' id='word_1_220' title='bbox 635 3075 773 3144; x_wconf 86' lang='lat' dir='ltr'>operculo</span> <span class='ocrx_word' id='word_1_221' title='bbox 797 3077 955 3147; x_wconf 88' lang='lat' dir='ltr'>superiori:</span> <span class='ocrx_word' id='word_1_222' title='bbox 982 3073 1083 3130; x_wconf 78' lang='lat' dir='ltr'>»Istud</span> <span class='ocrx_word' id='word_1_223' title='bbox 1107 3081 1151 3130; x_wconf 92' lang='lat' dir='ltr'>est</span> <span class='ocrx_word' id='word_1_224' title='bbox 1174 3076 1314 3130; x_wconf 92' lang='lat' dir='ltr'>volumen</span> <span class='ocrx_word' id='word_1_225' title='bbox 1344 3072 1515 3129; x_wconf 90' lang='lat' dir='ltr'>Wenceslai</span> <span class='ocrx_word' id='word_1_226' title='bbox 1539 3076 1574 3129; x_wconf 92' lang='lat' dir='ltr'>de</span> <span class='ocrx_word' id='word_1_227' title='bbox 1598 3073 1735 3128; x_wconf 86' lang='lat' dir='ltr'>Wessele</span> <span class='ocrx_word' id='word_1_228' title='bbox 1758 3080 1787 3128; x_wconf 88' lang='lat' dir='ltr'>et</span> 
     </span>
     <span class='ocr_line' id='line_1_25' title="bbox 383 3159 1784 3232; baseline 0.002 -21"><span class='ocrx_word' id='word_1_229' title='bbox 383 3159 549 3213; x_wconf 90' lang='lat' dir='ltr'>continetur</span> <span class='ocrx_word' id='word_1_230' title='bbox 570 3159 600 3214; x_wconf 90' lang='lat' dir='ltr'>in</span> <span class='ocrx_word' id='word_1_231' title='bbox 623 3175 658 3214; x_wconf 93' lang='lat' dir='ltr'>eo</span> <span class='ocrx_word' id='word_1_232' title='bbox 682 3160 789 3231; x_wconf 81' lang='lat' dir='ltr'>logyca</span> <span class='ocrx_word' id='word_1_233' title='bbox 811 3162 919 3230; x_wconf 89' lang='lat' dir='ltr'>hesbri,</span> <span class='ocrx_word' id='word_1_234' title='bbox 943 3163 1033 3232; x_wconf 84' lang='lat' dir='ltr'>loyca</span> <span class='ocrx_word' id='word_1_235' title='bbox 1055 3161 1151 3217; x_wconf 82' lang='lat' dir='ltr'>B&#39;nlril</span> <span class='ocrx_word' id='word_1_236' title='bbox 1176 3168 1204 3216; x_wconf 88' lang='lat' dir='ltr'>et</span> <span class='ocrx_word' id='word_1_237' title='bbox 1226 3161 1410 3232; x_wconf 83' lang='lat' dir='ltr'>zophismata</span> <span class='ocrx_word' id='word_1_238' title='bbox 1431 3160 1553 3218; x_wconf 91' lang='lat' dir='ltr'>Alberti.</span> <span class='ocrx_word' id='word_1_239' title='bbox 1578 3175 1631 3231; x_wconf 93' lang='lat' dir='ltr'>pro</span> <span class='ocrx_word' id='word_1_240' title='bbox 1654 3161 1696 3216; x_wconf 87' lang='grc'>40</span> <span class='ocrx_word' id='word_1_241' title='bbox 1720 3177 1784 3231; x_wconf 74' lang='lat' dir='ltr'>gn«</span> 
     </span>
     <span class='ocr_line' id='line_1_26' title="bbox 382 3243 1788 3320; baseline 0.002 -21"><span class='ocrx_word' id='word_1_242' title='bbox 382 3244 538 3300; x_wconf 83' lang='lat' dir='ltr'>Auctorem</span> <span class='ocrx_word' id='word_1_243' title='bbox 562 3243 679 3301; x_wconf 89' lang='lat' dir='ltr'>Bernkil</span> <span class='ocrx_word' id='word_1_244' title='bbox 703 3263 850 3318; x_wconf 91' lang='lat' dir='ltr'>nusquam</span> <span class='ocrx_word' id='word_1_245' title='bbox 873 3250 1048 3318; x_wconf 85' lang='lat' dir='ltr'>investigare</span> <span class='ocrx_word' id='word_1_246' title='bbox 1070 3251 1231 3320; x_wconf 87' lang='lat' dir='ltr'>potuimus.</span> <span class='ocrx_word' id='word_1_247' title='bbox 1254 3247 1376 3318; x_wconf 89' lang='lat' dir='ltr'>Utrique</span> <span class='ocrx_word' id='word_1_248' title='bbox 1401 3250 1492 3302; x_wconf 85' lang='lat' dir='ltr'>asseri</span> <span class='ocrx_word' id='word_1_249' title='bbox 1516 3247 1701 3317; x_wconf 85' lang='lat' dir='ltr'>adglutinata</span> <span class='ocrx_word' id='word_1_250' title='bbox 1717 3253 1788 3302; x_wconf 91' lang='lat' dir='ltr'>sunt</span> 
     </span>
    </p>
   </div>
   <div class='ocr_carea' id='block_1_10' title="bbox 382 3331 1788 3488">
    <p class='ocr_par' dir='ltr' id='par_1_10' title="bbox 382 3331 1788 3488">
     <span class='ocr_line' id='line_1_27' title="bbox 382 3331 1788 3406; baseline 0.002 -21"><span class='ocrx_word' id='word_1_251' title='bbox 382 3331 452 3386; x_wconf 89' lang='lat' dir='ltr'>lolia</span> <span class='ocrx_word' id='word_1_252' title='bbox 474 3332 577 3399; x_wconf 74' lang='lat' dir='ltr'>chart,</span> <span class='ocrx_word' id='word_1_253' title='bbox 600 3334 708 3403; x_wconf 91' lang='lat' dir='ltr'>quibus</span> <span class='ocrx_word' id='word_1_254' title='bbox 731 3334 828 3392; x_wconf 91' lang='lat' dir='ltr'>scriba</span> <span class='ocrx_word' id='word_1_255' title='bbox 851 3337 975 3391; x_wconf 91' lang='lat' dir='ltr'>secundi</span> <span class='ocrx_word' id='word_1_256' title='bbox 998 3343 1026 3390; x_wconf 91' lang='lat' dir='ltr'>et</span> <span class='ocrx_word' id='word_1_257' title='bbox 1048 3335 1122 3392; x_wconf 90' lang='lat' dir='ltr'>tertii</span> <span class='ocrx_word' id='word_1_258' title='bbox 1147 3339 1242 3406; x_wconf 87' lang='lat' dir='ltr'>operis</span> <span class='ocrx_word' id='word_1_259' title='bbox 1267 3341 1353 3390; x_wconf 86' lang='lat' dir='ltr'>notas</span> <span class='ocrx_word' id='word_1_260' title='bbox 1376 3335 1520 3405; x_wconf 88' lang='lat' dir='ltr'>quasdam</span> <span class='ocrx_word' id='word_1_261' title='bbox 1543 3333 1684 3402; x_wconf 86' lang='lat' dir='ltr'>logicales</span> <span class='ocrx_word' id='word_1_262' title='bbox 1709 3334 1788 3388; x_wconf 88' lang='lat' dir='ltr'>inse-</span> 
     </span>
     <span class='ocr_line' id='line_1_28' title="bbox 384 3415 798 3488; baseline 0.012 -15"><span class='ocrx_word' id='word_1_263' title='bbox 384 3417 451 3474; x_wconf 91' lang='lat' dir='ltr'>ruit.</span> <span class='ocrx_word' id='word_1_264' title='bbox 476 3415 568 3472; x_wconf 88' lang='lat' dir='ltr'>Vetus</span> <span class='ocrx_word' id='word_1_265' title='bbox 591 3418 666 3488; x_wconf 85' lang='lat' dir='ltr'>sign.</span> <span class='ocrx_word' id='word_1_266' title='bbox 691 3419 723 3488; x_wconf 92' lang='lat' dir='ltr'>B,</span> <span class='ocrx_word' id='word_1_267' title='bbox 747 3422 798 3479; x_wconf 83' lang='lat'>40.</span> 
     </span>
    </p>
   </div>
   <div class='ocr_carea' id='block_1_11' title="bbox 490 3585 1334 3670">
    <p class='ocr_par' dir='ltr' id='par_1_11' title="bbox 490 3585 1334 3670">
     <span class='ocr_line' id='line_1_29' title="bbox 490 3585 1334 3670; baseline -0.011 -5"><span class='ocrx_word' id='word_1_268' title='bbox 490 3585 571 3667; x_wconf 85' lang='grc'>397</span> <span class='ocrx_word' id='word_1_269' title='bbox 834 3589 907 3664; x_wconf 87' lang='lat' dir='ltr'>III.</span> <span class='ocrx_word' id='word_1_270' title='bbox 935 3589 982 3664; x_wconf 89' lang='lat' dir='ltr'>A.</span> <span class='ocrx_word' id='word_1_271' title='bbox 1009 3588 1133 3670; x_wconf 71' lang='lat' dir='ltr'>rau.</span> <span class='ocrx_word' id='word_1_272' title='bbox 1151 3607 1172 3656; x_wconf 75' lang='grc' dir='ltr'>ι.</span> <span class='ocrx_word' id='word_1_273' title='bbox 1193 3606 1216 3655; x_wconf 77' lang='lat' dir='ltr'>r.</span> <span class='ocrx_word' id='word_1_274' title='bbox 1235 3621 1261 3657; x_wconf 78' lang='lat' dir='ltr'>a.</span> <span class='ocrx_word' id='word_1_275' title='bbox 1281 3606 1334 3666; x_wconf 84' lang='lat'>12.)</span> 
     </span>
    </p>
   </div>
   <div class='ocr_carea' id='block_1_12' title="bbox 384 3726 1447 3809">
    <p class='ocr_par' dir='ltr' id='par_1_12' title="bbox 384 3726 1447 3809">
     <span class='ocr_line' id='line_1_30' title="bbox 384 3726 1447 3809; baseline 0.002 -19"><span class='ocrx_word' id='word_1_276' title='bbox 384 3728 489 3790; x_wconf 81' lang='lat' dir='ltr'>chart.</span> <span class='ocrx_word' id='word_1_277' title='bbox 512 3743 599 3790; x_wconf 81' lang='lat' dir='ltr'>saec.</span> <span class='ocrx_word' id='word_1_278' title='bbox 622 3727 786 3790; x_wconf 87' lang='lat' dir='ltr'><em>XIV-X</em></span> <span class='ocrx_word' id='word_1_279' title='bbox 791 3726 820 3788; x_wconf 94' lang='lat' dir='ltr'><em>V</em></span> <span class='ocrx_word' id='word_1_280' title='bbox 827 3726 874 3809; x_wconf 89' lang='lat' dir='ltr'>ff.</span> <span class='ocrx_word' id='word_1_281' title='bbox 897 3727 962 3791; x_wconf 85' lang='lat'>199</span> <span class='ocrx_word' id='word_1_282' title='bbox 985 3745 1088 3803; x_wconf 75' lang='lat' dir='ltr'>arant,</span> <span class='ocrx_word' id='word_1_283' title='bbox 1110 3727 1253 3791; x_wconf 76' lang='lat'><em>50&gt;&lt;20</em></span> <span class='ocrx_word' id='word_1_284' title='bbox 1275 3747 1335 3790; x_wconf 90' lang='lat' dir='ltr'>cm.</span> <span class='ocrx_word' id='word_1_285' title='bbox 1359 3730 1378 3791; x_wconf 87' lang='lat'><em>1</em></span> <span class='ocrx_word' id='word_1_286' title='bbox 1402 3747 1447 3792; x_wconf 89' lang='lat' dir='ltr'>m.</span> 
     </span>
    </p>
   </div>
   <div class='ocr_carea' id='block_1_13' title="bbox 385 3844 1791 4444">
    <p class='ocr_par' dir='ltr' id='par_1_13' title="bbox 385 3844 1791 4444">
     <span class='ocr_line' id='line_1_31' title="bbox 492 3844 1789 3928; baseline -0.001 -18"><span class='ocrx_word' id='word_1_287' title='bbox 492 3849 513 3912; x_wconf 87' lang='lat' dir='ltr'>i.</span> <span class='ocrx_word' id='word_1_288' title='bbox 542 3844 679 3910; x_wconf 68' lang='lat' dir='ltr'>tr-o5b</span> <span class='ocrx_word' id='word_1_289' title='bbox 702 3849 734 3911; x_wconf 91' lang='lat' dir='ltr'>S.</span> <span class='ocrx_word' id='word_1_290' title='bbox 758 3847 933 3912; x_wconf 72' lang='lat' dir='ltr'>lobannis</span> <span class='ocrx_word' id='word_1_291' title='bbox 957 3849 1203 3928; x_wconf 84' lang='lat' dir='ltr'>chrysostomi</span> <span class='ocrx_word' id='word_1_292' title='bbox 1218 3848 1413 3928; x_wconf 85' lang='lat' dir='ltr'>Opuscula:</span> <span class='ocrx_word' id='word_1_293' title='bbox 1430 3850 1451 3912; x_wconf 86' lang='lat' dir='ltr'>i.</span> <span class='ocrx_word' id='word_1_294' title='bbox 1469 3851 1481 3912; x_wconf 89' lang='lat'>1</span> <span class='ocrx_word' id='word_1_295' title='bbox 1501 3848 1552 3912; x_wconf 87' lang='lat' dir='ltr'>De</span> <span class='ocrx_word' id='word_1_296' title='bbox 1565 3849 1789 3927; x_wconf 86' lang='lat' dir='ltr'>reparatione</span> 
     </span>
     <span class='ocr_line' id='line_1_32' title="bbox 387 3935 1789 4016; baseline 0.001 -21"><span class='ocrx_word' id='word_1_297' title='bbox 387 3935 487 4013; x_wconf 89' lang='lat' dir='ltr'>lapsi.</span> <span class='ocrx_word' id='word_1_298' title='bbox 523 3935 624 4015; x_wconf 80' lang='lat' dir='ltr'>»Quis</span> <span class='ocrx_word' id='word_1_299' title='bbox 656 3935 745 3997; x_wconf 90' lang='lat' dir='ltr'>dabit</span> <span class='ocrx_word' id='word_1_300' title='bbox 774 3939 869 4014; x_wconf 87' lang='lat' dir='ltr'>capiti</span> <span class='ocrx_word' id='word_1_301' title='bbox 901 3953 975 3998; x_wconf 93' lang='lat' dir='ltr'>meo</span> <span class='ocrx_word' id='word_1_302' title='bbox 1006 3953 1146 4016; x_wconf 80' lang='lat' dir='ltr'>aquam«</span> <span class='ocrx_word' id='word_1_303' title='bbox 1171 3938 1206 3995; x_wconf 91' lang='grc'>&gt;&lt;</span> <span class='ocrx_word' id='word_1_304' title='bbox 1232 3938 1313 3997; x_wconf 84' lang='lat' dir='ltr'>»alia</span> <span class='ocrx_word' id='word_1_305' title='bbox 1343 3938 1426 3997; x_wconf 87' lang='lat' dir='ltr'>ultra</span> <span class='ocrx_word' id='word_1_306' title='bbox 1456 3937 1699 3998; x_wconf 90' lang='lat' dir='ltr'>medicamenta</span> <span class='ocrx_word' id='word_1_307' title='bbox 1720 3952 1789 3996; x_wconf 93' lang='lat' dir='ltr'>non</span> 
     </span>
     <span class='ocr_line' id='line_1_33' title="bbox 385 4019 1789 4101; baseline 0 -19"><span class='ocrx_word' id='word_1_308' title='bbox 385 4039 533 4101; x_wconf 79' lang='lat' dir='ltr'>queres«</span> <span class='ocrx_word' id='word_1_309' title='bbox 571 4022 590 4084; x_wconf 89' lang='lat' dir='ltr'>i.</span> <span class='ocrx_word' id='word_1_310' title='bbox 622 4021 664 4082; x_wconf 84' lang='lat'>23</span> <span class='ocrx_word' id='word_1_311' title='bbox 687 4019 737 4084; x_wconf 91' lang='lat' dir='ltr'>De</span> <span class='ocrx_word' id='word_1_312' title='bbox 761 4022 1030 4101; x_wconf 87' lang='lat' dir='ltr'>compunctione</span> <span class='ocrx_word' id='word_1_313' title='bbox 1061 4023 1176 4085; x_wconf 89' lang='lat' dir='ltr'>cordis</span> <span class='ocrx_word' id='word_1_314' title='bbox 1210 4024 1253 4084; x_wconf 90' lang='lat' dir='ltr'>ad</span> <span class='ocrx_word' id='word_1_315' title='bbox 1287 4022 1488 4084; x_wconf 91' lang='lat' dir='ltr'>Demetrium</span> <span class='ocrx_word' id='word_1_316' title='bbox 1523 4028 1555 4084; x_wconf 92' lang='lat' dir='ltr'>et</span> <span class='ocrx_word' id='word_1_317' title='bbox 1589 4021 1789 4084; x_wconf 86' lang='lat' dir='ltr'>Stelechium</span> 
     </span>
     <span class='ocr_line' id='line_1_34' title="bbox 386 4105 1789 4188; baseline 0.001 -19"><span class='ocrx_word' id='word_1_318' title='bbox 386 4113 512 4183; x_wconf 90' lang='lat' dir='ltr'>(noster</span> <span class='ocrx_word' id='word_1_319' title='bbox 535 4111 661 4170; x_wconf 90' lang='lat' dir='ltr'>scribit:</span> <span class='ocrx_word' id='word_1_320' title='bbox 686 4106 912 4188; x_wconf 87' lang='lat' dir='ltr'>Sterlencum).</span> <span class='ocrx_word' id='word_1_321' title='bbox 937 4108 957 4171; x_wconf 83' lang='lat' dir='ltr'>i.</span> <span class='ocrx_word' id='word_1_322' title='bbox 981 4105 1040 4170; x_wconf 75' lang='lat' dir='ltr'>42b</span> <span class='ocrx_word' id='word_1_323' title='bbox 1062 4108 1115 4172; x_wconf 88' lang='lat' dir='ltr'>De</span> <span class='ocrx_word' id='word_1_324' title='bbox 1138 4125 1240 4172; x_wconf 89' lang='lat' dir='ltr'>cruce</span> <span class='ocrx_word' id='word_1_325' title='bbox 1264 4116 1299 4172; x_wconf 89' lang='lat' dir='ltr'>et</span> <span class='ocrx_word' id='word_1_326' title='bbox 1322 4109 1364 4172; x_wconf 92' lang='lat' dir='ltr'>de</span> <span class='ocrx_word' id='word_1_327' title='bbox 1386 4110 1531 4172; x_wconf 89' lang='lat' dir='ltr'>latrone.</span> <span class='ocrx_word' id='word_1_328' title='bbox 1557 4109 1577 4170; x_wconf 90' lang='lat' dir='ltr'>l.</span> <span class='ocrx_word' id='word_1_329' title='bbox 1602 4107 1645 4170; x_wconf 88' lang='lat'>50</span> <span class='ocrx_word' id='word_1_330' title='bbox 1668 4108 1719 4171; x_wconf 85' lang='lat' dir='ltr'>De</span> <span class='ocrx_word' id='word_1_331' title='bbox 1737 4125 1789 4184; x_wconf 87' lang='lat' dir='ltr'>eo,</span> 
     </span>
     <span class='ocr_line' id='line_1_35' title="bbox 385 4194 1791 4274; baseline 0.001 -18"><span class='ocrx_word' id='word_1_332' title='bbox 385 4194 477 4272; x_wconf 89' lang='lat' dir='ltr'>quod</span> <span class='ocrx_word' id='word_1_333' title='bbox 501 4212 604 4258; x_wconf 89' lang='lat' dir='ltr'>nemo</span> <span class='ocrx_word' id='word_1_334' title='bbox 637 4195 752 4273; x_wconf 88' lang='lat' dir='ltr'>possit</span> <span class='ocrx_word' id='word_1_335' title='bbox 780 4195 871 4257; x_wconf 89' lang='lat' dir='ltr'>laedi</span> <span class='ocrx_word' id='word_1_336' title='bbox 901 4195 944 4258; x_wconf 88' lang='lat' dir='ltr'>ab</span> <span class='ocrx_word' id='word_1_337' title='bbox 975 4196 1045 4258; x_wconf 91' lang='lat' dir='ltr'>alio</span> <span class='ocrx_word' id='word_1_338' title='bbox 1076 4195 1146 4258; x_wconf 90' lang='lat' dir='ltr'>nisi</span> <span class='ocrx_word' id='word_1_339' title='bbox 1175 4213 1258 4259; x_wconf 87' lang='lat' dir='ltr'>ase</span> <span class='ocrx_word' id='word_1_340' title='bbox 1280 4196 1370 4274; x_wconf 91' lang='lat' dir='ltr'>ipso.</span> <span class='ocrx_word' id='word_1_341' title='bbox 1404 4197 1426 4258; x_wconf 87' lang='lat' dir='ltr'>i.</span> <span class='ocrx_word' id='word_1_342' title='bbox 1450 4195 1492 4258; x_wconf 90' lang='grc'>63</span> <span class='ocrx_word' id='word_1_343' title='bbox 1516 4194 1567 4258; x_wconf 87' lang='lat' dir='ltr'>De</span> <span class='ocrx_word' id='word_1_344' title='bbox 1590 4195 1791 4258; x_wconf 86' lang='lat' dir='ltr'>eruditione</span> 
     </span>
     <span class='ocr_line' id='line_1_36' title="bbox 386 4279 1788 4361; baseline 0 -19"><span class='ocrx_word' id='word_1_345' title='bbox 386 4281 601 4361; x_wconf 89' lang='lat' dir='ltr'>disciplinae.</span> <span class='ocrx_word' id='word_1_346' title='bbox 637 4281 657 4342; x_wconf 86' lang='lat' dir='ltr'>i.</span> <span class='ocrx_word' id='word_1_347' title='bbox 689 4279 747 4343; x_wconf 80' lang='grc'>65·</span> <span class='ocrx_word' id='word_1_348' title='bbox 781 4282 842 4344; x_wconf 78' lang='lat' dir='ltr'>»Et</span> <span class='ocrx_word' id='word_1_349' title='bbox 871 4287 918 4344; x_wconf 91' lang='lat' dir='ltr'>sic</span> <span class='ocrx_word' id='word_1_350' title='bbox 949 4289 1000 4344; x_wconf 91' lang='lat' dir='ltr'>est</span> <span class='ocrx_word' id='word_1_351' title='bbox 1030 4281 1105 4344; x_wconf 89' lang='lat' dir='ltr'>finis</span> <span class='ocrx_word' id='word_1_352' title='bbox 1136 4282 1166 4343; x_wconf 91' lang='lat' dir='ltr'>b.</span> <span class='ocrx_word' id='word_1_353' title='bbox 1197 4282 1357 4344; x_wconf 90' lang='lat' dir='ltr'>Johannis</span> <span class='ocrx_word' id='word_1_354' title='bbox 1392 4283 1589 4346; x_wconf 86' lang='lat' dir='ltr'>Crisostomi</span> <span class='ocrx_word' id='word_1_355' title='bbox 1624 4283 1667 4342; x_wconf 93' lang='lat' dir='ltr'>ad</span> <span class='ocrx_word' id='word_1_356' title='bbox 1699 4281 1788 4346; x_wconf 88' lang='lat' dir='ltr'>Ster-</span> 
     </span>
     <span class='ocr_line' id='line_1_37' title="bbox 386 4369 645 4444; baseline 0.004 -15"><span class='ocrx_word' id='word_1_357' title='bbox 386 4369 533 4430; x_wconf 81' lang='lat' dir='ltr'>lencum«</span> <span class='ocrx_word' id='word_1_358' title='bbox 559 4372 645 4444; x_wconf 89' lang='lat' dir='ltr'>(sic).</span> 
     </span>
    </p>
   </div>
   <div class='ocr_carea' id='block_1_14' title="bbox 494 4469 1691 4552">
    <p class='ocr_par' dir='ltr' id='par_1_14' title="bbox 494 4469 1691 4552">
     <span class='ocr_line' id='line_1_38' title="bbox 494 4469 1691 4552; baseline 0.002 -19"><span class='ocrx_word' id='word_1_359' title='bbox 494 4471 514 4534; x_wconf 89' lang='lat' dir='ltr'>i.</span> <span class='ocrx_word' id='word_1_360' title='bbox 538 4469 700 4535; x_wconf 70' lang='lat' dir='ltr'>biii-98b</span> <span class='ocrx_word' id='word_1_361' title='bbox 723 4472 758 4535; x_wconf 90' lang='lat' dir='ltr'>S.</span> <span class='ocrx_word' id='word_1_362' title='bbox 780 4473 969 4552; x_wconf 87' lang='lat' dir='ltr'>Augustini</span> <span class='ocrx_word' id='word_1_363' title='bbox 992 4473 1028 4551; x_wconf 89' lang='lat' dir='ltr'>a)</span> <span class='ocrx_word' id='word_1_364' title='bbox 1051 4473 1140 4535; x_wconf 89' lang='lat' dir='ltr'>liber</span> <span class='ocrx_word' id='word_1_365' title='bbox 1161 4472 1442 4551; x_wconf 78' lang='lat' dir='ltr'>soliloquiorum,</span> <span class='ocrx_word' id='word_1_366' title='bbox 1465 4476 1500 4549; x_wconf 91' lang='lat' dir='ltr'>b)</span> <span class='ocrx_word' id='word_1_367' title='bbox 1523 4472 1691 4551; x_wconf 79' lang='lat' dir='ltr'>Suspiria.</span> 
     </span>
    </p>
   </div>
   <div class='ocr_carea' id='block_1_15' title="bbox 388 4567 1790 4742">
    <p class='ocr_par' dir='ltr' id='par_1_15' title="bbox 388 4567 1790 4742">
     <span class='ocr_line' id='line_1_39' title="bbox 463 4567 1790 4656; baseline 0.001 -19"><span class='ocrx_word' id='word_1_368' title='bbox 463 4567 515 4637; x_wconf 73' lang='lat' dir='ltr'>‘&#39;l.</span> <span class='ocrx_word' id='word_1_369' title='bbox 546 4573 729 4638; x_wconf 69' lang='lat' dir='ltr'>osb-101⁸</span> <span class='ocrx_word' id='word_1_370' title='bbox 764 4575 797 4638; x_wconf 89' lang='lat' dir='ltr'>S.</span> <span class='ocrx_word' id='word_1_371' title='bbox 830 4576 1006 4640; x_wconf 86' lang='lat' dir='ltr'>Johannis</span> <span class='ocrx_word' id='word_1_372' title='bbox 1040 4576 1286 4656; x_wconf 78' lang='lat' dir='ltr'>chrysostomi</span> <span class='ocrx_word' id='word_1_373' title='bbox 1323 4580 1463 4640; x_wconf 85' lang='lat' dir='ltr'>»Sermo</span> <span class='ocrx_word' id='word_1_374' title='bbox 1498 4579 1540 4639; x_wconf 89' lang='lat' dir='ltr'>de</span> <span class='ocrx_word' id='word_1_375' title='bbox 1575 4577 1630 4639; x_wconf 87' lang='lat' dir='ltr'>die</span> <span class='ocrx_word' id='word_1_376' title='bbox 1664 4582 1790 4639; x_wconf 88' lang='lat' dir='ltr'>sancto</span> 
     </span>
     <span class='ocr_line' id='line_1_40' title="bbox 388 4662 1025 4742; baseline 0.002 -19"><span class='ocrx_word' id='word_1_377' title='bbox 388 4663 601 4741; x_wconf 89' lang='lat' dir='ltr'>penthecoste</span> <span class='ocrx_word' id='word_1_378' title='bbox 624 4663 656 4724; x_wconf 96' lang='lat' dir='ltr'>id</span> <span class='ocrx_word' id='word_1_379' title='bbox 679 4669 730 4724; x_wconf 94' lang='lat' dir='ltr'>est</span> <span class='ocrx_word' id='word_1_380' title='bbox 752 4662 795 4724; x_wconf 87' lang='lat' dir='ltr'>dc</span> <span class='ocrx_word' id='word_1_381' title='bbox 818 4679 845 4726; x_wconf 76' lang='lat' dir='ltr'>s,</span> <span class='ocrx_word' id='word_1_382' title='bbox 870 4663 1025 4742; x_wconf 78' lang='lat' dir='ltr'>spiritu«</span> 
     </span>
    </p>
   </div>
   <div class='ocr_carea' id='block_1_16' title="bbox 388 4780 1793 5122">
    <p class='ocr_par' dir='ltr' id='par_1_16' title="bbox 388 4780 1793 5122">
     <span class='ocr_line' id='line_1_41' title="bbox 495 4780 1792 4864; baseline 0 -19"><span class='ocrx_word' id='word_1_383' title='bbox 495 4783 516 4846; x_wconf 89' lang='lat' dir='ltr'>i.</span> <span class='ocrx_word' id='word_1_384' title='bbox 545 4780 747 4847; x_wconf 69' lang='lat' dir='ltr'>loll-199b</span> <span class='ocrx_word' id='word_1_385' title='bbox 770 4784 803 4847; x_wconf 94' lang='lat' dir='ltr'>S.</span> <span class='ocrx_word' id='word_1_386' title='bbox 826 4785 1014 4864; x_wconf 87' lang='lat' dir='ltr'>Augustini</span> <span class='ocrx_word' id='word_1_387' title='bbox 1046 4784 1068 4847; x_wconf 86' lang='lat' dir='ltr'>i.</span> <span class='ocrx_word' id='word_1_388' title='bbox 1102 4780 1178 4846; x_wconf 80' lang='lat' dir='ltr'>101b</span> <span class='ocrx_word' id='word_1_389' title='bbox 1209 4787 1251 4846; x_wconf 86' lang='lat' dir='ltr'>de</span> <span class='ocrx_word' id='word_1_390' title='bbox 1282 4788 1401 4848; x_wconf 88' lang='lat' dir='ltr'>decem</span> <span class='ocrx_word' id='word_1_391' title='bbox 1426 4785 1575 4862; x_wconf 89' lang='lat' dir='ltr'>chordis,</span> <span class='ocrx_word' id='word_1_392' title='bbox 1599 4783 1622 4846; x_wconf 84' lang='lat' dir='ltr'>f.</span> <span class='ocrx_word' id='word_1_393' title='bbox 1650 4783 1726 4847; x_wconf 83' lang='lat' dir='ltr'>too·</span> <span class='ocrx_word' id='word_1_394' title='bbox 1748 4785 1792 4845; x_wconf 87' lang='lat' dir='ltr'>de</span> 
     </span>
     <span class='ocr_line' id='line_1_42' title="bbox 388 4869 1793 4946; baseline 0.001 -16"><span class='ocrx_word' id='word_1_395' title='bbox 388 4870 462 4931; x_wconf 88' lang='lat' dir='ltr'>vita</span> <span class='ocrx_word' id='word_1_396' title='bbox 491 4870 692 4946; x_wconf 83' lang='lat' dir='ltr'>christiana,</span> <span class='ocrx_word' id='word_1_397' title='bbox 723 4869 744 4932; x_wconf 85' lang='lat' dir='ltr'>f.</span> <span class='ocrx_word' id='word_1_398' title='bbox 780 4870 855 4933; x_wconf 83' lang='lat'>116·</span> <span class='ocrx_word' id='word_1_399' title='bbox 885 4874 926 4934; x_wconf 88' lang='lat' dir='ltr'>de</span> <span class='ocrx_word' id='word_1_400' title='bbox 950 4871 1108 4935; x_wconf 90' lang='lat' dir='ltr'>doctrina</span> <span class='ocrx_word' id='word_1_401' title='bbox 1138 4871 1338 4945; x_wconf 85' lang='lat' dir='ltr'>christiana,</span> <span class='ocrx_word' id='word_1_402' title='bbox 1372 4872 1395 4934; x_wconf 85' lang='lat' dir='ltr'>t.</span> <span class='ocrx_word' id='word_1_403' title='bbox 1422 4870 1497 4934; x_wconf 82' lang='grc'><strong>173·</strong></span> <span class='ocrx_word' id='word_1_404' title='bbox 1520 4873 1562 4934; x_wconf 85' lang='lat' dir='ltr'>de</span> <span class='ocrx_word' id='word_1_405' title='bbox 1584 4872 1793 4934; x_wconf 85' lang='lat' dir='ltr'>visitatione</span> 
     </span>
     <span class='ocr_line' id='line_1_43' title="bbox 389 4951 1793 5037; baseline 0 -19"><span class='ocrx_word' id='word_1_406' title='bbox 389 4955 616 5034; x_wconf 83' lang='lat' dir='ltr'>intirmorum,</span> <span class='ocrx_word' id='word_1_407' title='bbox 640 4957 661 5019; x_wconf 83' lang='lat' dir='ltr'>t.</span> <span class='ocrx_word' id='word_1_408' title='bbox 690 4951 765 5020; x_wconf 78' lang='lat' dir='ltr'>llilb</span> <span class='ocrx_word' id='word_1_409' title='bbox 788 4959 830 5020; x_wconf 90' lang='lat' dir='ltr'>de</span> <span class='ocrx_word' id='word_1_410' title='bbox 853 4959 1037 5021; x_wconf 87' lang='lat' dir='ltr'>honestate</span> <span class='ocrx_word' id='word_1_411' title='bbox 1053 4957 1248 5034; x_wconf 85' lang='lat' dir='ltr'>mulierum,</span> <span class='ocrx_word' id='word_1_412' title='bbox 1264 4958 1287 5020; x_wconf 85' lang='lat' dir='ltr'>t.</span> <span class='ocrx_word' id='word_1_413' title='bbox 1307 4958 1382 5021; x_wconf 89' lang='grc'><strong>183·</strong></span> <span class='ocrx_word' id='word_1_414' title='bbox 1394 4961 1436 5022; x_wconf 88' lang='lat' dir='ltr'>de</span> <span class='ocrx_word' id='word_1_415' title='bbox 1452 4963 1656 5037; x_wconf 90' lang='lat' dir='ltr'>contemptu</span> <span class='ocrx_word' id='word_1_416' title='bbox 1668 4960 1793 5020; x_wconf 90' lang='lat' dir='ltr'>mundi</span> 
     </span>
     <span class='ocr_line' id='line_1_44' title="bbox 390 5044 1546 5122; baseline 0.003 -17"><span class='ocrx_word' id='word_1_417' title='bbox 390 5044 432 5105; x_wconf 91' lang='lat' dir='ltr'>ad</span> <span class='ocrx_word' id='word_1_418' title='bbox 456 5044 613 5121; x_wconf 89' lang='lat' dir='ltr'>clericos,</span> <span class='ocrx_word' id='word_1_419' title='bbox 637 5044 660 5106; x_wconf 84' lang='lat' dir='ltr'>i.</span> <span class='ocrx_word' id='word_1_420' title='bbox 687 5044 762 5105; x_wconf 88' lang='grc'><strong>186·</strong></span> <span class='ocrx_word' id='word_1_421' title='bbox 784 5046 826 5107; x_wconf 92' lang='lat' dir='ltr'>de</span> <span class='ocrx_word' id='word_1_422' title='bbox 850 5046 951 5108; x_wconf 84' lang='lat' dir='ltr'>beato</span> <span class='ocrx_word' id='word_1_423' title='bbox 973 5045 1119 5122; x_wconf 85' lang='lat' dir='ltr'>latrone,</span> <span class='ocrx_word' id='word_1_424' title='bbox 1143 5044 1164 5107; x_wconf 83' lang='lat' dir='ltr'>t.</span> <span class='ocrx_word' id='word_1_425' title='bbox 1192 5044 1268 5106; x_wconf 88' lang='grc'><strong>188·</strong></span> <span class='ocrx_word' id='word_1_426' title='bbox 1290 5045 1546 5108; x_wconf 85' lang='lat' dir='ltr'>meditationes.</span> 
     </span>
    </p>
   </div>
   <div class='ocr_carea' id='block_1_17' title="bbox 1067 5267 1116 5318">
    <p class='ocr_par' dir='ltr' id='par_1_17' title="bbox 1067 5267 1116 5318">
     <span class='ocr_line' id='line_1_45' title="bbox 1067 5267 1116 5318; baseline -0.041 0"><span class='ocrx_word' id='word_1_427' title='bbox 1067 5267 1116 5318; x_wconf 85' lang='lat'>154</span> 
     </span>
    </p>
   </div>
   <div class='ocr_carea' id='block_1_18' title="bbox 0 0 1944 5968">
    <p class='ocr_par' dir='ltr' id='par_1_18' title="bbox 0 0 1944 5968">
     <span class='ocr_line' id='line_1_46' title="bbox 0 0 1944 5968; baseline 0 0"><span class='ocrx_word' id='word_1_428' title='bbox 0 0 1944 5968; x_wconf 95' lang='lat' dir='ltr'> </span> 
     </span>
    </p>
   </div>
  </div>
 </body>
</html>
