3820 5966
1058 567 1122 630 522

386 792 484 836 nores
507 775 597 836 finita
621 792 678 854 per
699 791 818 836 manus
842 773 939 838 Pauli
962 778 1005 837 de
1027 775 1085 850 Py.
1111 779 1187 848 (sic)
1217 776 1273 838 ier.
1309 775 1351 837 IV
1385 787 1459 838 ante
1494 780 1784 838 annunciacionem

388 864 417 923 b.
442 861 543 922 illane
567 863 630 922 sub
653 880 682 923 a.
710 861 793 924 1430
816 867 994 942 septesima
1016 867 1093 937 (sic)
1116 865 1226 924 hora«

489 952 642 1022 Operculis
665 953 794 1022 adligata
817 961 886 1008 sunt
908 953 1070 1022 fragmenta
1093 956 1251 1010 membran.
1284 953 1441 1008 cuiusdam
1465 954 1577 1008 codicis
1601 967 1679 1008 saec.
1703 951 1782 1007 ix-h'

386 1053 497 1108 argum.
522 1039 610 1095 theol.

489 1206 570 1286 522
831 1206 903 1281 III.
932 1207 972 1280 F.
1001 1207 1062 1281 19.
1081 1223 1127 1286 tr.
1147 1223 1168 1274 r.
1188 1224 1211 1273 1.
1231 1239 1256 1274 n.
1276 1225 1330 1290 aa>

385 1347 495 1408 citari.
520 1363 552 1407 a.
587 1345 683 1420 1403,
712 1345 751 1428 ff.
785 1347 848 1410 179
871 1364 973 1424 narra,
998 1345 1142 1408 22><ra
1164 1363 1225 1408 cm.
1250 1349 1268 1408 I
1293 1365 1339 1408 m.

493 1467 512 1527 i.
542 1465 661 1526 1-47·
698 1467 730 1528 S.
769 1466 963 1529 Hieronimi
1000 1465 1103 1528 Liber
1140 1468 1182 1528 de
1215 1468 1418 1530 nominibus
1455 1465 1629 1530 hebraicis
1667 1481 1787 1528 sacrae

385 1553 586 1630 scripturae.
614 1554 703 1614 »Aaz
726 1553 978 1632 apprehendens
1000 1555 1052 1614 vel
1074 1554 1311 1632 apprehensio«
1348 1559 1378 1612 ><
1415 1553 1547 1615 ›Zuzim
1571 1555 1782 1614 consiliantes

385 1658 444 1701 eos
467 1642 518 1700 vel
541 1640 766 1701 consiliatores
790 1657 914 1702 eorum.
948 1639 1134 1718 Expliciunt
1167 1645 1454 1720 interpretaciones
1489 1641 1519 1702 b.
1552 1638 1707 1701 leronimi
1731 1657 1786 1717 per

385 1743 504 1788 manus
527 1727 664 1788 Andree
688 1727 730 1788 de
753 1725 964 1789 Cromierziz
986 1725 1073 1788 alias
1097 1729 1140 1788 de
1163 1725 1343 1790 Costelecz
1373 1734 1408 1789 et
1431 1731 1473 1790 de
1497 1726 1647 1789 Smrzicz
1671 1727 1734 1787 sub
1757 1743 1785 1786 a.

386 1815 417 1873 d.
443 1813 526 1875 1463
550 1819 581 1874 in
605 1814 656 1874 illa
679 1815 793 1874 sillaba
816 1815 846 1874 bi
871 1829 934 1891 que
960 1817 1010 1874 sin
1033 1813 1075 1874 ab
1099 1813 1197 1874 don«

493 1917 514 1977 i.
537 1913 721 1978 482-1791’
743 1916 916 1980 Iohannis
939 1916 1150 1979 Marchesini
1172 1915 1460 1980 Mammotrectus
1483 1922 1530 1992 (in
1546 1917 1611 1978 fine
1627 1915 1783 1992 mutilus).

385 2008 493 2078 (rubr.)
519 2004 649 2082 »Incipit
671 2005 750 2066 llber
772 2009 1009 2066 mammotrecti
1033 2005 1141 2065 editus
1165 2021 1264 2083 super
1287 2008 1533 2083 exposicionem
1549 2005 1784 2066 vocabulorum

384 2091 477 2151 biblie
501 2097 533 2151 et
554 2091 711 2168 legendas
735 2099 923 2152 sanctorum
939 2109 960 2150 a
975 2089 1069 2152 tratre
1093 2089 1314 2152 Marachismo
1338 2095 1413 2165 (sic)
1437 2093 1505 2153 ord.
1529 2091 1599 2152 frat.
1638 2094 1715 2152 min.
1746 2089 1787 2150 de

384 2181 510 2238 civitate
542 2175 639 2256 Regii.
678 2182 811 2252 (atram.)
848 2177 1019 2255 Inpaeiens
1054 2181 1181 2255 proprie
1215 2181 1398 2256 impericia«
1441 2175 1469 2242 Χ
1509 2179 1565 2252 (de
1602 2177 1782 2256 virginibus

385 2280 493 2324 sermo
518 2265 547 2324 b.
572 2265 760 2342 Augustini)
787 2262 948 2341 »Subripit
970 2281 1023 2324 me
1047 2281 1122 2324 cor«
1147 2269 1270 2334 (cetera
1293 2264 1544 2340 desiderantur).

488 2369 633 2442 Operculo
657 2387 753 2442 super.
778 2372 939 2440 adligatum
963 2377 1007 2426 est
1030 2371 1131 2441 fragm.
1156 2373 1275 2431 membr.
1301 2371 1413 2427 codicis
1437 2387 1515 2427 saec.
1539 2369 1618 2442 XIV,
1653 2385 1712 2441 quo
1736 2371 1787 2424 ad·

384 2460 477 2512 oratio
501 2460 661 2528 imaginum
689 2463 887 2529 pertractatur.

487 2625 569 2706 523
831 2623 903 2700 iil.
931 2625 971 2699 F.
1000 2625 1063 2702 20.
1083 2641 1127 2706 (Y.
1147 2640 1167 2694 1.
1188 2646 1212 2693 r.
1230 2657 1256 2692 a.
1274 2643 1330 2704 56.)

383 2767 491 2827 chart.
515 2783 602 2826 saec.
626 2763 694 2827 XV
702 2765 748 2846 ff.
772 2765 847 2840 191,
869 2764 943 2826 215
957 2765 1080 2827 ><15·5
1100 2783 1164 2829 em.
1188 2766 1218 2827 d.
1243 2783 1287 2827 m.
1361 2819 1362 2822 ,

383 2885 560 2965 (DoctorIs
595 2885 787 2966 evangelici
818 2885 993 2948 Iohannis
1027 2884 1182 2964 Wicliii)
1213 2885 1397 2963 Expositio
1437 2884 1700 2964 evangeliorum
1735 2901 1784 2946 ss.

824 2971 999 3048 Matthaei,
1021 2971 1139 3048 Marci,
1162 2971 1345 3034 Iohannis.

468 3077 489 3137 i.
518 3078 548 3137 1²
574 3079 731 3151 (anepIgr.)
757 3073 892 3138 »Utrum
916 3079 1100 3138 incamacio
1124 3077 1212 3136 verbi
1236 3081 1287 3136 est
1309 3076 1561 3154 cognoscibilis«
1576 3077 1609 3133 ><
1625 3074 1646 3135 i.
1664 3074 1702 3136 3·
1722 3075 1784 3136 »ad

382 3164 586 3242 dirigendum
610 3164 785 3243 quemlibet
806 3167 974 3224 viatorem.
1020 3162 1110 3223 Patet
1143 3165 1208 3223 ista
1237 3167 1406 3224 sentencia
1441 3157 1478 3224 4⁰
1508 3163 1632 3240 tnalogi
1656 3161 1793 3222 Wiclel'l

382 3267 452 3329 cap.
477 3249 538 3312 20«
566 3285 603 3294 -
632 3249 831 3329 »[M]atheus
865 3267 904 3310 ex
937 3248 1043 3310 Judea
1077 3253 1161 3310 sicut
1196 3253 1227 3310 in
1263 3250 1376 3311 ordine
1412 3253 1536 3327 primus
1573 3252 1723 3327 ponitur«
1754 3251 1785 3303 ><

382 3336 403 3396 i.
432 3337 511 3398 187·
534 3343 584 3397 »et
607 3353 737 3414 semper
760 3341 905 3398 remanet
928 3335 1164 3415 quantumlibet
1187 3337 1412 3414 postilandum
1437 3342 1518 3396 ete«

469 3440 489 3502 i.
517 3436 696 3502 reti-191
724 3438 826 3502 Index
849 3456 955 3500 rerum
979 3439 1204 3518 alphabeticus
1229 3457 1342 3501 sacrae
1366 3443 1556 3517 scripturae.

486 3547 638 3618 Operculis
672 3548 802 3618 adligata
835 3553 904 3602 sunt
938 3547 1099 3617 fragmenta
1133 3549 1294 3602 membran.
1329 3547 1485 3602 cuiusdam
1515 3547 1627 3602 codicis
1651 3546 1787 3617 theolog.

382 3649 460 3692 saec.
484 3633 560 3690 XIII.
584 3633 616 3689 ln
640 3637 770 3704 margine
793 3633 952 3705 superioris
976 3649 1065 3688 manu
1089 3648 1166 3690 saec.
1190 3631 1246 3687 XV
1269 3635 1364 3688 codex
1380 3633 1424 3688 sic
1447 3633 1628 3689 intitulatur:
1656 3632 1788 3689 »Doctor

382 3721 570 3793 evangelicus
593 3735 680 3792 super
703 3735 805 3776 omnes
829 3720 1056 3790 evangelistas«.
1104 3719 1162 3775 Sed
1185 3719 1281 3775 Lucas
1305 3721 1495 3777 desideratur.
1541 3719 1588 3774 An
1612 3718 1725 3775 Wicliil
1749 3723 1787 3774 sit

382 3809 439 3866 hoc
464 3823 550 3880 opus,
578 3809 703 3863 maxime
726 3807 847 3862 dubium
873 3815 927 3863 est.

485 3991 570 4073 524
828 3991 900 4068 III.
928 3989 969 4066 F.
995 3991 1058 4066 21.
1087 4005 1133 4072 (r.
1152 4006 1174 4060 r.
1195 4008 1218 4058 1.
1238 4021 1264 4058 a.
1283 4007 1338 4072 ro.)

381 4134 491 4195 chart.
515 4149 602 4196 saec.
626 4131 695 4195 XV
704 4131 754 4212 ff.
777 4133 852 4209 155,
875 4132 1052 4195 21·5><16
1074 4150 1136 4196 cm.
1160 4131 1194 4193 d.
1218 4150 1262 4194 m.

381 4253 529 4317 Lectura
563 4253 618 4332 (ε
633 4251 932 4332 Commentarius)
963 4270 1069 4331 super
1103 4252 1288 4331 epistolam
1323 4269 1350 4315 s.
1385 4251 1486 4316 Pauli
1519 4253 1562 4314 ad
1594 4251 1786 4314 Romanos,

489 4340 509 4402 i.
538 4342 571 4401 1·
595 4341 754 4415 (anepigr.)
768 4339 878 4402 ›Sieut
901 4341 1058 4419 prophete
1074 4345 1151 4418 post
1174 4341 1279 4418 legem
1303 4344 1350 4400 sic
1374 4345 1407 4400 et
1428 4341 1588 4418 apostoli«
1615 4333 1788 4400 ><i.155b

385 4428 510 4488 »Arnen
533 4433 584 4488 est
606 4426 816 4489 confirmacio
840 4431 1086 4506 premissorum.
1110 4427 1226 4502 (rubr.)
1270 4425 1409 4506 Explicit
1443 4427 1564 4488 lectura
1587 4443 1689 4505 super
1711 4428 1781 4504 epi·

382 4515 485 4575 stolas
508 4517 585 4588 (sic)
609 4514 638 4575 b.
663 4519 770 4592 apost
795 4513 882 4575 Pauli
906 4513 949 4575 ad
972 4512 1172 4575 Romanos«

485 4619 517 4676 In
541 4621 590 4677 iol.
614 4621 773 4692 praelIgato
797 4627 932 4676 notatur:
960 4619 1151 4676 »Monasterii
1175 4619 1376 4678 Oibinensls.«

486 4789 567 4871 525
980 4788 1052 4864 III.
1081 4789 1121 4863 F.
1149 4788 1211 4864 22.

381 4927 460 4991 Duo
473 4927 568 5008 folia
591 4929 780 4992 membran.
806 4929 929 4992 codicis
950 4947 1039 4992 saec.
1069 4926 1254 5002 VIII—IX,
1286 4927 1547 4990 characteribus
1581 4923 1785 4988 minusculis

382 5017 459 5078 aevi
482 5013 638 5080 Caralinr'
658 5017 800 5092 exarati,
826 5017 924 5078 valde
944 5017 1116 5090 mutilata,
1148 5033 1236 5095 qaae
1257 5015 1338 5078 alim
1371 5014 1546 5078 asseribus
1578 5012 1702 5076 codicis
1721 5007 1782 5074 III.

1059 5237 1111 5290 205
