3890 5970
1564 573 1609 649 vr'r

203 802 312 884 Quem
335 803 482 865 codicem
506 807 554 865 vir
576 803 842 884 diligentissimus
865 804 891 866 J.
909 805 1046 867 Loserth
1068 823 1097 868 a.
1127 805 1208 868 1889
1231 809 1354 869 invenit
1375 812 1408 868 et
1430 809 1492 868 sub
1516 807 1607 870 titulo

205 911 314 969 minus
338 911 424 968 iusto
449 906 535 969 »Der
557 909 671 970 iilteste
696 907 833 988 Katalog
856 908 913 970 der
935 907 1053 987 Preger
1075 907 1491 974 Universitdtsbibliothek‹
1518 927 1607 973 sum·

206 1015 317 1074 matim
341 1011 459 1090 publici
483 1016 562 1074 iuris
586 1008 710 1088 lecit.¹¹)
748 1012 870 1075 Codice
899 1014 963 1074 hoc
986 1030 1052 1075 non
1076 1018 1232 1076 contineri
1269 1014 1483 1096 bibliothecae
1505 1019 1605 1076 totius

206 1117 424 1176 universitatis
447 1114 621 1194 Pragensis
655 1118 851 1196 catalogum,
885 1117 917 1178 ld
942 1117 1030 1196 quod
1054 1115 1191 1178 Losertb
1226 1121 1345 1179 temere
1362 1115 1606 1192 affirmaverat,

205 1222 270 1280 lam
294 1217 375 1281 Rud.
398 1217 542 1282 Wolkan
573 1225 726 1300 exposuit
759 1223 793 1298 (l.
818 1237 845 1282 c.
869 1220 936 1298 59),
967 1225 1023 1301 qul
1047 1226 1157 1282 tamen
1180 1225 1213 1284 in
1238 1237 1361 1282 novum
1385 1237 1525 1283 errorem
1549 1221 1603 1283 de-

206 1323 320 1401 lapsus
353 1327 414 1398 est,
448 1340 522 1384 curn
559 1339 675 1386 omnes
706 1329 738 1386 in
762 1325 911 1403 catalogo
936 1323 1133 1386 Rudnicensi
1169 1327 1343 1404 inscriptos
1376 1325 1475 1387 libros
1508 1329 1607 1387 unius

205 1427 331 1506 collegii
353 1425 502 1490 Nationis
525 1427 717 1490 bohemicae
741 1429 843 1493 tuisse
866 1428 1109 1491 declaravisset.
1142 1427 1302 1510 Equidem
1325 1431 1358 1490 ln
1382 1423 1607 1508 disquisitione

206 1547 307 1608 supra
329 1535 509 1594 memorata
531 1536 730 1610 argumentis
754 1533 887 1595 edocui:
912 1533 1026 1595 codice
1050 1531 1248 1595 Rudnicensi
1267 1535 1424 1595 contineri
1440 1534 1608 1613 catalogos

206 1635 303 1712 duos,
337 1649 475 1713 quorum
511 1636 600 1697 alteri
633 1639 807 1715 inscriptos
841 1653 917 1698 esse
951 1637 1052 1699 libros
1086 1637 1212 1716 collegii
1234 1634 1382 1699 Nationls
1406 1637 1607 1712 bohemicae,

205 1739 342 1799 alterum
365 1738 507 1799 eundem
530 1743 716 1802 vetustioris
739 1741 876 1819 catalogi
899 1757 975 1802 esse
998 1740 1224 1819 apographum
1244 1757 1272 1801 a.
1290 1739 1414 1802 circiter
1433 1737 1509 1804 1461
1530 1757 1605 1803 exa·

206 1847 322 1916 ratum,
345 1843 494 1921 catalogo
518 1851 627 1904 autem
652 1847 756 1922 priore
780 1845 881 1906 multo
897 1848 1076 1924 antiquiore
1091 1845 1321 1906 verisimillime
1337 1848 1493 1906 contineri
1509 1844 1607 1906 libros

204 1945 330 2023 collegii
352 1943 510 2024 Hadvigis
541 1950 681 2026 reginae,
717 1949 853 2026 collegia
887 1945 1074 2010 »Nationis‹
1111 1954 1143 2009 et
1178 1945 1359 2027 »Reginae«
1395 1949 1551 2027 catalogis
1575 1951 1608 2009 ln

205 2065 309 2111 unum
342 2049 497 2110 volumen
532 2049 725 2112 coadunatis
760 2051 893 2114 dimidio
928 2069 1014 2114 saec.
1038 2050 1108 2113 XV.
1134 2052 1362 2114 bibliothecam
1396 2067 1607 2114 communem

205 2155 372 2229 habuisse,
396 2171 494 2234 quam
519 2159 713 2218 sententiam
738 2156 856 2234 pallida
877 2159 1085 2236 inscriptione
1108 2160 1139 2218 in
1156 2156 1311 2236 operculo
1334 2159 1501 2235 superlore
1527 2153 1606 2217 »Na-

205 2261 302 2320 tionis
318 2257 537 2320 Bohemorum
555 2257 653 2320 studii
668 2258 840 2338 Pragensis
864 2263 1016 2338 registra«
1043 2265 1164 2339 optime
1187 2261 1325 2339 probari,
1349 2243 1423 2322 cum
1439 2259 1607 2338 catalogus

205 2365 316 2440 utique
339 2363 597 2441 comprehendat
619 2364 718 2425 libros
742 2364 933 2426 bohemicae
956 2369 1106 2438 nationis,
1131 2364 1192 2427 sed
1215 2365 1355 2426 duorum
1378 2365 1526 2426 eiusdem
1544 2365 1608 2426 col-

206 2465 372 2544 legiorum.
418 2466 653 2530 annotandum
688 2472 774 2530 enim
805 2475 855 2530 est
878 2469 1062 2548 composito
1086 2469 1169 2530 bello
1192 2469 1343 2542 husitico,
1377 2483 1453 2530 cum
1477 2475 1607 2530 exterae
1697 2508 1700 2516 -

205 2572 356 2632 nationes
379 2569 574 2632 haercticam
597 2565 1156 2651 universitatem‘perhorrescerent,
1182 2576 1294 2636 omnia
1316 2573 1513 2636 scholarium
1541 2573 1608 2635 col·

206 2673 289 2751 legia
314 2670 480 2736 »Nationis
504 2674 712 2737 bohemicae«
738 2675 837 2754 vulgo
860 2677 1020 2754 appellata
1042 2693 1127 2738 esse.

314 2791 360 2857 Ut
382 2794 502 2857 docent
536 2797 721 2876 complures
757 2784 997 2875 signaturdrum
1021 2799 1157 2860 lacunae
1180 2801 1213 2859 in
1236 2798 1384 2877 catalogo
1411 2793 1606 2868 »Nationls‹,

205 2899 269 2959 iam
294 2901 380 2959 circa
401 2915 430 2960 a.
461 2899 535 2961 1461
576 2901 665 2962 multi
699 2901 767 2962 libri
802 2902 878 2963 huic
913 2903 1126 2964 bibliothecae
1161 2901 1310 2974 deerant;
1344 2900 1553 2963 nihilominus
1576 2905 1608 2962 in

207 3000 324 3062 eodem
349 3001 485 3065 Loserth
513 3002 595 3065 1079
618 3006 750 3066 codices
774 3011 984 3068 enumeravit.
1031 3005 1177 3085 Quorum
1204 3021 1323 3084 magna
1349 3021 1425 3084 pars
1448 3005 1481 3066 in
1497 3003 1607 3065 biblio·

208 3107 304 3167 theca
326 3111 440 3168 nostra
463 3108 572 3169 adhuc
595 3115 783 3170 asservatur
805 3107 901 3188 (inter
915 3112 996 3171 alios
1012 3113 1261 3189 antiquissimus
1278 3125 1364 3170 saec.
1382 3107 1471 3188 leX
1486 3112 1609 3186 integer

205 3210 313 3272 codex
336 3209 424 3286 485),
450 3211 509 3272 sed
534 3215 636 3274 maior
658 3218 842 3292 temporum
864 3216 1030 3293 iniquitate
1053 3215 1224 3292 perierunt,
1256 3212 1440 3291 exquibus
1463 3213 1608 3290 inprimis

206 3313 340 3374 codices
363 3316 444 3376 tertii
471 3315 691 3378 »abecedarii«
717 3317 884 3378 historiam
909 3321 1044 3396 patriam
1067 3317 1274 3389 illustrantes,
1298 3330 1384 3395 quos
1406 3319 1439 3377 in
1456 3315 1607 3393 disquisi-

208 3421 294 3478 tione
317 3435 392 3480 mea
414 3424 679 3495 commemoravi,
704 3419 851 3482 dolenter
873 3421 1106 3482 desiderantur.
1131 3419 1198 3483 Sed
1222 3421 1323 3482 multo
1345 3423 1526 3498 graviorem
1550 3417 1608 3479 lib·

207 3537 315 3582 rorum
349 3525 506 3584 iacturam
550 3523 759 3586 thuanorum
797 3526 968 3606 collegium
1002 3523 1093 3599 iecit;
1132 3541 1332 3606 quamquam
1367 3527 1453 3586 enim
1487 3525 1609 3603 aliquot

207 3626 333 3687 diesin
356 3628 587 3706 comparandis
610 3628 762 3690 librorum
786 3633 857 3690 eius
889 3631 987 3690 titulis
1010 3633 1213 3708 consumpsi,
1238 3635 1348 3690 tamen
1372 3627 1457 3688 duos
1481 3633 1606 3689 tantum

208 3733 300 3808 primi
331 3731 550 3792 »abecedarii«
576 3731 706 3793 codices
729 3737 760 3794 in
785 3733 914 3794 libraria
944 3739 1057 3794 nostra
1080 3739 1167 3794 certo
1190 3737 1309 3812 agnovi
1333 3729 1556 3811 (D,l8=lll.
1569 3729 1606 3791 E.

211 3834 245 3898 ll
273 3839 304 3897 et
326 3832 366 3902 D.
380 3832 524 3896 20:V.
539 3837 576 3896 A.
591 3835 635 3911 3).
667 3835 827 3915 Quamvis
863 3837 1000 3898 dubitari
1023 3852 1091 3898 non
1113 3840 1228 3918 possit,
1264 3840 1342 3916 quin
1376 3836 1486 3914 plures
1520 3832 1608 3917 apud

207 3953 270 4002 nos
293 3943 468 4020 supersint,
503 3945 613 4004 tamen
648 3945 820 4022 praecipue
854 3942 952 4004 huius
979 3939 1103 4019 collegii
1133 3940 1242 4015 libros,
1277 3957 1362 4022 quos
1396 3941 1429 4004 in
1459 3932 1607 4016 catalogo

208 4040 343 4108 Losertb
367 4041 430 4106 787
454 4047 664 4114 enumeravit.
679 4044 857 4123 permultos
870 4047 1004 4124 periisse
1028 4051 1187 4122 procerto
1210 4043 1459 4110 tenendumcst.
1473 4040 1607 4106 Aulerc-

209 4145 325 4208 bantur
356 4152 467 4208 autem
499 4150 563 4208 iam
588 4163 674 4210 saec.
698 4146 758 4208 XV
781 4149 880 4222 multi,
911 4152 948 4209 ut
968 4153 1065 4209 notae
1089 4151 1122 4210 ln
1144 4149 1294 4226 catalogo
1317 4150 1442 4227 passim
1478 4145 1607 4218 docent,

208 4256 362 4329 quantam
386 4251 538 4312 librorum
551 4267 651 4312 manu
664 4251 857 4331 scriptorum
874 4255 1031 4313 incuriam
1043 4255 1223 4330 posteriora
1235 4257 1382 4329 tempora
1397 4249 1606 4322 ostenderint,

209 4353 346 4418 breviter
367 4353 450 4414 inira
473 4355 589 4416 dicam.

315 4474 367 4537 Ex
389 4479 474 4537 notis
498 4476 694 4555 quibusdam
729 4476 854 4544 codicis
877 4476 1104 4552 Rudnicensis,
1139 4491 1223 4556 quae
1240 4535 1241 4538 ,
1256 4475 1300 4538 ad
1323 4471 1486 4542 Redlronis
1513 4475 1607 4540 colle·

208 4581 295 4656 glum
321 4595 349 4640 a.
379 4577 460 4640 1439
483 4583 663 4643 institutum
695 4587 726 4642 et
756 4581 797 4641 ad
828 4582 1001 4642 ecclesiam
1025 4597 1053 4642 s.
1077 4577 1235 4660 Stephani
1271 4584 1323 4642 »in
1358 4578 1607 4642 muro'Maioris

309 4799 347 4878 ¹¹)
369 4805 589 4880 Miltbcilungen
613 4810 642 4865 d.
667 4807 737 4865 Inst.
763 4807 781 4863 i.
807 4811 908 4869 dsterr.
933 4807 1038 4882 Gesclr.
1063 4806 1112 4877 XI,
1138 4807 1319 4867 301-318.
1343 4806 1408 4881 Quo
1425 4807 1608 4866 commodius

208 4890 244 4966 is,
267 4893 316 4966 qui
339 4895 413 4952 haec
436 4893 557 4966 antiqua
578 4895 700 4966 registra
724 4895 882 4968 aliquando
907 4895 1018 4967 integra
1040 4895 1171 4952 editurus
1194 4901 1281 4966 esset,
1304 4894 1395 4951 libros
1418 4895 1608 4968 consignatos

208 4993 276 5035 cum
313 4979 465 5036 codicibus
489 4981 597 5038 nostris
621 4981 750 5038 conterre
772 4988 882 5053 posset,
906 4982 1030 5038 codibus
1053 4982 1122 5039 olim
1146 4981 1335 5040 clementinis
1367 4981 1493 5053 catalogi
1517 4985 1608 5038 nostrl

208 5072 319 5122 veteres
342 5065 521 5138 signaturae,
558 5074 702 5140 quotquot
725 5075 905 5140 supererant,
930 5069 1059 5125 adiectae
1082 5075 1161 5128 sunt.
