3890 5970
818 589 878 652 165

249 794 320 876 164
750 795 780 872 Ι.
808 796 857 870 D.
885 795 947 870 24.

141 970 250 1033 ciart.
273 973 302 1032 et
324 971 514 1034 membran.
526 987 613 1033 saec.
635 968 692 1034 XI
696 967 801 1032 V-X
805 968 833 1029 V
844 969 884 1050 ff.
908 968 1137 1044 245,30><22
1159 985 1222 1030 cm.
1247 970 1264 1029 1
1290 986 1334 1028 m.

404 1123 497 1190 Petri
520 1125 708 1190 Lombardi
730 1125 890 1205 Quataor
910 1124 990 1188 libri
1012 1123 1278 1188 sententiarum.

245 1246 266 1310 1.
294 1250 305 1309 1
333 1248 406 1326 (alia
428 1251 547 1320 manat>
574 1245 766 1310 »Sentencre
790 1252 1030 1310 sentenciarum
1072 1246 1189 1307 breves
1213 1261 1271 1325 pro
1295 1246 1457 1308 intellectu
1473 1263 1541 1307 ma·

142 1339 314 1397 teriarum«
340 1334 564 1415 (zquoddam
589 1339 783 1413 registrum).

245 1456 265 1518 1.
290 1451 446 1518 2.„245r
467 1453 595 1518 Textus
624 1454 876 1520 Sententiarum.

245 1614 330 1686 Operi
354 1615 568 1673 Sententiarum
601 1616 793 1688 praeligatum
825 1622 871 1671 est
899 1613 1092 1685 fragmentum
1116 1613 1303 1669 instrumenti
1326 1613 1409 1686 publ.
1433 1613 1542 1668 notarii

140 1701 275 1758 Andreae
305 1704 455 1774 quondam
486 1703 558 1759 Petri
588 1705 625 1758 de
654 1702 754 1758 Jawor
782 1705 818 1760 de
844 1717 872 1760 a.
900 1701 991 1774 1³90,
1015 1716 1074 1774 quo
1099 1699 1241 1757 Nicotaus
1265 1701 1301 1756 de
1325 1698 1482 1770 Wymaria
1506 1700 1542 1754 ab

138 1788 267 1845 Henrico
290 1791 326 1844 de
348 1789 471 1846 lsenaco
493 1796 665 1862 procurator
687 1790 884 1846 constituitur.
908 1787 1010 1844 Codex
1022 1803 1102 1844 saec.
1118 1785 1174 1842 XV
1191 1793 1318 1845 monast.
1335 1785 1542 1852 meronensis,

139 1877 247 1932 deinde
271 1876 342 1932 bibl.
365 1877 596 1948 Rosenbergicae
619 1884 648 1932 et
671 1875 774 1932 iterum
798 1881 925 1932 monast.
949 1873 1072 1947 praefati
1097 1872 1163 1930 11111.

249 2129 318 2212 itio
740 2130 770 2206 I.
798 2129 847 2206 D.
875 2129 936 2205 25.

139 2305 250 2368 ciart.
273 2322 361 2368 saec.
385 2305 436 2368 XI
443 2303 579 2368 V-XV
586 2304 632 2389 ff.
655 2305 730 2382 274,
752 2305 893 2368 30><21
918 2322 981 2368 cnr.
1005 2303 1037 2367 d.
1061 2319 1106 2366 m.

246 2462 268 2524 i.
296 2457 447 2523 l·-l⁴iib
470 2459 574 2538 (Galli
596 2462 731 2525 abbatia
754 2479 851 2526 coen.
874 2461 986 2525 Aulac
1007 2459 1172 2541 Regiael)
1202 2459 1433 2540 bialogranati
1455 2459 1543 2521 liber

140 2549 280 2612 tertius.
303 2547 407 2628 (Initio
429 2553 461 2610 in
477 2549 498 2610 1.
526 2552 538 2611 l
566 2554 598 2610 et
620 2549 655 2610 2·
676 2551 856 2612 absolvitur
878 2549 957 2610 iiber
978 2549 1150 2611 secundus
1166 2549 1298 2611 -ideo
1322 2549 1428 2610 codex
1452 2563 1542 2607 man·

139 2653 200 2698 cus
225 2643 343 2697 est-
365 2639 477 2714 incip:
505 2635 682 2698 »Desidero
705 2640 809 2697 eciam
834 2640 926 2709 scire,
961 2636 1130 2714 quomodo
1155 2635 1275 2696 debeat
1299 2652 1336 2696 se
1360 2637 1463 2696 homo
1486 2634 1541 2694 ha-

141 2725 217 2785 bere
242 2727 275 2784 in
298 2727 463 2801 prosperis
485 2727 572 2784 etin
595 2722 763 2784 adversis«
788 2724 822 2781 ><
845 2721 867 2783 1.
892 2721 926 2782 2·
961 2722 1130 2784 »videlicet
1152 2725 1184 2784 in
1207 2727 1364 2783 viciomm
1400 2721 1542 2782 detesta-

140 2814 248 2883 cione,
271 2814 303 2870 in
326 2813 478 2870 virtutum
502 2813 696 2888 operacione
720 2810 806 2871 etin
830 2813 1085 2887 temptacionum
1110 2812 1322 2887 perpessione
1343 2824 1419 2869 esse
1442 2822 1542 2885 expo-

141 2901 242 2958 situm
266 2901 298 2956 et
320 2896 576 2974 explanatum«)
603 2895 733 2976 »Incipit
748 2900 867 2956 tercius
883 2896 990 2956 iiber«
1018 2899 1049 2952 ><
1073 2894 1094 2956 1.
1123 2894 1197 2956 147·
1223 2894 1354 2973 »Incipit
1371 2898 1542 2972 registrum

141 3000 201 3044 seu
227 2982 360 3044 thabula
382 2983 586 3060 precedentis
609 2985 717 3062 operis
739 2983 889 3044 videlicet
911 2987 998 3043 tercii
1014 2983 1093 3054 iibri,
1118 2986 1173 3061 qui
1190 2985 1366 3044 intitulatur
1381 2979 1541 3058 Malogra·

140 3077 260 3131 natus«
288 3101 329 3113 -
351 3067 371 3130 1.
400 3067 474 3130 117υ
500 3067 574 3130 »lini
597 3068 672 3148 (sic)
694 3070 781 3130 hunc
805 3069 919 3130 librum
943 3073 1092 3147 proxima
1114 3068 1170 3131 ier.
1195 3075 1310 3146 quarta
1329 3073 1403 3129 ante
1420 3067 1541 3128 adven·

142 3165 211 3217 tum
238 3157 389 3217 domini«
415 3152 523 3235 (Opus
546 3157 610 3218 hoc
633 3157 707 3218 alibi
731 3157 801 3216 aliis
825 3156 1030 3234 attribuitur.)

248 3292 269 3354 1.
298 3288 493 3355 tte-201⁵
515 3291 689 3355 Tractatus
711 3294 952 3371 anepigraphus
975 3297 1008 3356 in
1030 3299 1096 3356 tres
1120 3295 1220 3354 libros
1240 3294 1376 3366 divisus,
1401 3307 1540 3371 quorum

142 3386 269 3460 primus
293 3381 333 3441 de
356 3381 420 3442 deo
443 3387 475 3442 et
497 3382 638 3452 homine,
662 3380 831 3441 secundus
855 3379 895 3440 de
918 3380 1089 3442 virtutibus
1113 3387 1145 3442 et
1167 3384 1262 3452 vitiis,
1287 3383 1399 3440 tertius
1423 3380 1464 3439 dc
1489 3383 1540 3438 iis·
1570 3425 1588 3430 -

141 3469 220 3530 dem
244 3469 425 3545 specialiter
447 3467 556 3546 quoad
579 3468 762 3528 monachos
785 3470 859 3544 agit.
891 3465 993 3528 index
1027 3468 1093 3529 libri
1127 3467 1139 3529 i
1174 3470 1223 3528 sic
1257 3471 1374 3545 incipit:
1425 3464 1541 3544 »Quod

141 3555 229 3616 deus
252 3570 404 3615 summus
428 3563 460 3614 et
482 3553 755 3616 incommutabilis
779 3557 838 3614 sit«
866 3553 898 3610 ><
921 3552 942 3614 1.
967 3552 1048 3614 201;
1086 3571 1171 3616 »non
1207 3570 1292 3633 quos
1315 3557 1445 3614 celestis
1468 3568 1543 3611 aura

141 3639 350 3704 letificandos
371 3640 505 3702 includit
527 3647 587 3702 etc.
611 3638 652 3701 Et
675 3643 723 3702 sic
746 3645 798 3700 est
820 3638 905 3701 linis.
930 3639 980 3702 Sit
1002 3643 1073 3701 iaus
1097 3647 1129 3702 et
1143 3645 1245 3718 gloria
1260 3639 1377 3702 Crista.
1403 3640 1538 3700 Amen«

249 3777 271 3838 1.
295 3775 496 3839 202·-274b
530 3777 686 3858 (Hearici
719 3777 883 3857 Susorris)
916 3778 1144 3858 Horologium
1179 3778 1317 3841 divinae
1340 3777 1542 3855 sapientiae.

146 3864 279 3942 »incipit
290 3865 445 3942 prologus
456 3869 489 3928 in
512 3865 628 3927 librum
652 3871 706 3946 qui
729 3867 905 3927 intitulatur
927 3867 1108 3944 horiogium
1133 3868 1240 3928 divine
1264 3870 1438 3944 sapiencie.
1463 3863 1542 3926 Sen-

142 3957 196 4014 tite
223 3951 264 4012 de
289 3951 421 4013 domino
444 3955 477 4014 in
501 3953 662 4014 bonitate«
690 3957 721 4008 ><
748 3958 797 4014 »te
822 3969 935 4031 regum
958 3957 1035 4027 (sic)
1057 3955 1156 4032 glorie
1187 3953 1423 4032 dominumque
1446 3955 1543 4011 virtu-

143 4045 213 4100 tum
238 4041 269 4099 in
293 4037 410 4100 decore
434 4053 497 4099 suo
520 4042 761 4117 conspicientes
784 4040 953 4100 dominum
976 4045 1126 4101 nostrum
1149 4039 1176 4100 i.
1195 4038 1266 4113 Ch„
1289 4044 1437 4118 quicum
1456 4044 1543 4116 patre

142 4131 225 4186 etc«
252 4123 357 4199 (Haec
379 4125 480 4186 verba
509 4130 680 4187 tractatum
710 4127 913 4187 absolventia
936 4131 967 4187 in
990 4124 1011 4187 1.
1036 4125 1100 4187 273
1123 4131 1307 4202 occurrunt,
1343 4130 1459 4204 postea
1494 4141 1544 4184 se·

143 4217 254 4292 quitur
275 4211 450 4289 capitulum
475 4227 586 4286 unum,
608 4211 697 4291 quod
721 4213 828 4274 scriba
850 4216 982 4287 omisit).
1020 4211 1130 4275 Medio
1162 4217 1308 4275 tractatui
1339 4212 1374 4286 (1.
1399 4210 1476 4284 244)
1499 4213 1546 4271 in-

144 4303 234 4360 serta
256 4303 323 4358 est:

250 4418 272 4480 1.
295 4418 466 4480 244-247
493 4417 699 4498 »Solempnis
722 4420 972 4482 commendacio
995 4424 1065 4481 sive
1088 4423 1198 4482 oracio
1222 4421 1316 4481 beate
1340 4435 1471 4498 semper
1484 4423 1545 4479 vir·

143 4503 353 4671 ἲέἓεθῐῖίέῗε
376 4505 472 4567 etde
496 4505 608 4567 dolore
631 4510 703 4568 eius
738 4522 837 4586 quem
868 4506 981 4568 babuit
1003 4510 1035 4568 in
1059 4511 1215 4586 passione
1249 4507 1371 4568 domini
1406 4505 1459 4568 lilii
1494 4509 1545 4566 sui

253 4728 274 4791 1.
297 4725 378 4794 252¹>
404 4728 561 4808 »Explicit
595 4731 799 4808 horologium
823 4731 854 4792 d.
879 4747 906 4792 s.
942 4736 1089 4812 sequitur
1122 4747 1210 4793 nunc
1238 4730 1365 4793 Cursus
1400 4731 1547 4792 eiusdem

146 4817 255 4878 divine
279 4819 460 4895 sapiencie«
486 4815 625 4890 (Revera
648 4821 830 4897 sequuntur
853 4819 959 4879 solum
984 4818 1003 4879 2
1027 4818 1081 4880 iol.
1104 4835 1220 4892 vacua,
1252 4823 1369 4897 postca
1392 4818 1547 4896 horologii

146 4905 227 4966 liber
249 4901 442 4977 secundus).

257 5041 364 5100 Codex
387 5043 459 5102 bibl.
482 5043 726 5115 Rosenbergicae,
748 5045 816 5101 dein
839 5052 966 5103 monast.
982 5044 1187 5104 ‘'l'lebonensis
1210 5045 1272 5103 tuit.

833 5267 865 5316 til
