3890 5970
837 598 879 658 45

263 802 319 884 42
762 804 791 879 I.
823 806 960 880 1132.

158 943 268 1006 cltorl.
292 961 324 1003 a.
348 942 431 1004 1451
450 942 490 1024 ff.
515 943 566 1016 71,
590 943 733 1005 11)(28
755 963 818 1005 cm.
844 947 862 1006 1
887 963 932 1005 in.

225 1064 503 1128 Constitutiones
527 1063 717 1127 Clementis
740 1084 772 1145 p.
793 1065 820 1126 V
844 1083 923 1127 cum
946 1073 1116 1145 apparatu
1138 1066 1311 1129 Johannis
1335 1069 1501 1128 Andreae.

269 1152 290 1213 i.
319 1155 348 1212 1⁸
368 1154 441 1232 (hic.
459 1173 558 1226 appar.
571 1151 591 1230 z)
620 1152 805 1213 »lohannes
821 1157 1007 1230 graciosum
1024 1156 1087 1214 hoc
1103 1171 1243 1215 nomen«
1263 1160 1323 1214 etc.
1340 1157 1414 1226 (Ine.
1432 1157 1561 1225 textum)

162 1239 377 1320 »tlichannes
401 1243 578 1316 episcopus
613 1239 736 1300 Servus
767 1256 938 1300 servorum
970 1241 1020 1300 dei
1051 1241 1175 1301 dilectis
1205 1241 1278 1300 tiliis
1313 1240 1502 1301 doctoribus
1525 1245 1558 1300 et

160 1326 341 1387 scolaribus
365 1329 525 1386 universis
550 1326 690 1388 bononie
714 1328 1011 1387 commorantibus«
1039 1334 1098 1388 etc.
1125 1331 1156 1384 ><
1180 1327 1201 1388 f.
1227 1323 1282 1386 71b
1305 1330 1401 1406 (Expl.
1427 1345 1526 1401 appar.
1537 1329 1559 1398 ι)

163 1411 303 1473 »Natura
325 1429 403 1472 vero
427 1418 583 1473 naturans
614 1430 690 1473 cum
717 1413 759 1472 ad
790 1415 874 1472 illam
906 1414 1083 1474 redibimus
1116 1431 1172 1492 per
1207 1419 1476 1475 intercessionem
1501 1417 1561 1472 vir-

158 1504 244 1578 ginis
274 1501 413 1576 gloriose
444 1515 506 1559 nos
530 1501 666 1560 collocet
695 1516 770 1559 cum
787 1502 897 1560 electis
914 1501 1029 1560 Amen.
1058 1500 1133 1560 1451
1162 1500 1363 1564 Leonardus
1385 1499 1557 1560 Hubner.«

269 1589 388 1644 Schulte
412 1589 477 1658 (Die
501 1605 607 1645 canon.
637 1589 787 1644 Handsch.
817 1606 846 1659 p.
872 1591 926 1657 23)
957 1591 1023 1646 cod.
1055 1597 1187 1646 nostrum
1210 1597 1322 1661 praeter
1351 1607 1410 1646 rem
1434 1604 1562 1644 comme-

111 1689 113 1694 ·
160 1685 256 1732 morat
278 1677 352 1731 inter
375 1674 414 1730 M.
439 1675 470 1732 S.
496 1677 581 1731 »libri
604 1677 678 1731 sexti
702 1675 846 1731 Boniiacii
869 1675 966 1732 vul«
991 1676 1024 1731 In
1054 1694 1150 1748 operc.
1174 1677 1255 1734 infer.
1288 1678 1464 1732 intrinsecus
1489 1677 1562 1730 haec

159 1771 231 1818 nota
254 1764 396 1818 occurrit:
424 1760 500 1817 »Iste
523 1763 596 1818 liber
617 1768 662 1818 est
685 1763 854 1818 monasterii
878 1763 907 1818 in
938 1763 1048 1818 fforbos
1079 1763 1217 1834 (Forbes)
1248 1780 1328 1834 prag.
1365 1765 1475 1819 dioces
1510 1765 1563 1817 do-

161 1858 250 1905 natus
273 1864 324 1920 per
347 1849 492 1920 egregium
517 1851 665 1904 doctorem
705 1850 858 1905 dominum
881 1849 1091 1904 Wenceslaum
1116 1853 1151 1905 de
1175 1849 1356 1920 Budways«
1404 1848 1437 1904 In
1461 1863 1561 1919 operc.

159 1953 258 2008 super.
292 1935 468 1990 intrinsecus
499 1937 681 2006 agglutinata
712 1937 821 1992 scheda
854 1935 1043 1992 Sadeleriana
1065 1941 1246 1993 demonstrat
1269 1937 1401 1994 codicem
1426 1953 1452 1993 a.
1483 1935 1562 1991 1609

161 2023 252 2078 luisse
276 2022 346 2078 bibl.
370 2021 614 2093 Rosenbergicae.

267 2189 325 2270 43
772 2190 801 2265 I.
830 2191 876 2265 A.
903 2192 965 2265 33.

160 2329 353 2391 membran.
376 2347 409 2390 a.
433 2329 519 2391 1388
529 2328 575 2410 ff.
598 2330 673 2402 227,
695 2329 738 2392 al
752 2330 838 2390 ><24
861 2349 920 2392 cat.
945 2333 962 2392 Ι
988 2349 1033 2392 m.

291 2451 443 2512 Thomae
467 2453 509 2512 de
533 2452 670 2529 Aquino
694 2453 858 2514 Summae
880 2453 1098 2530 theologicae
1120 2453 1233 2531 prima
1255 2453 1438 2514 secundae.

272 2538 294 2598 l.
322 2540 352 2597 l·
377 2536 507 2615 »Incipit
531 2539 678 2600 secunda
701 2557 776 2617 pars
801 2557 929 2600 summe
966 2541 1126 2618 theologie
1161 2541 1246 2602 edite
1277 2539 1414 2600 airatre
1437 2537 1499 2599 Th.
1525 2539 1565 2597 de

161 2627 223 2703 Aq.
249 2623 335 2703 Quia
358 2628 443 2685 sicut
465 2623 694 2686 Damascenus
718 2627 823 2687 dicit«
850 2629 882 2685 ><
906 2626 926 2687 l.
951 2627 1028 2686 227²
1076 2627 1278 2704 »Expliciunt
1301 2627 1441 2704 capitula
1464 2629 1565 2702 prime

162 2716 263 2791 partis
288 2711 424 2770 secundi
448 2711 514 2770 libri
539 2711 644 2772 fratris
667 2711 795 2773 Thome
819 2714 860 2773 de
884 2714 1043 2791 Aquino«

272 2796 293 2858 f.
318 2794 395 2856 227²>
418 2799 520 2872 (manu
545 2802 675 2858 eiusdem
700 2805 812 2858 scribae
837 2801 1048 2871 rubricatumz)
1075 2800 1187 2860 »Liber
1203 2803 1390 2860 monasterii
1407 2797 1440 2859 S.
1458 2797 1562 2876 Egidii

161 2888 395 2946 canonicorum
434 2885 624 2962 regularium
664 2889 696 2946 in
734 2885 911 2964 Witignaw
934 2887 1014 2947 alias
1038 2890 1069 2948 in
1092 2885 1244 2947 Trzebon
1268 2891 1478 2963 comparatus
1510 2901 1567 2962 per

162 2971 291 3119 rirggges
315 2971 467 3032 dominos
491 2970 531 3031 de
555 2971 757 3050 Rosemberg
780 2978 902 3050 primos
925 2977 1029 3052 ipsius
1053 2977 1239 3035 monasterii
1264 2972 1455 3033 fundatores
1480 2989 1509 3038 a,
1534 2971 1565 3032 d.

272 3147 308 3203 A.
338 3147 417 3203 1609
442 3148 536 3202 codex
559 3153 619 3204 erat
653 3149 723 3206 bibl.
747 3149 978 3220 Rosenberglcae
1003 3147 1211 3218 Tiebonensis,
1236 3149 1342 3203 deinde
1364 3149 1469 3204 ilerum
1500 3163 1565 3202 nro-

164 3233 290 3289 nasterii
310 3233 440 3305 praelati.

271 3398 332 3480 44
775 3404 805 3478 I.
835 3405 880 3479 A.
908 3405 968 3478 34.

164 3543 274 3604 chart.
298 3556 385 3602 saec.
410 3541 478 3602 XV
497 3559 543 3604 ex.
555 3543 602 3625 ff.
626 3544 699 3618 524,
722 3544 863 3607 30><21
889 3562 951 3605 cm.
977 3546 994 3606 1
1021 3563 1064 3605 111,

251 3661 427 3725 Johannis
450 3665 492 3725 de
514 3663 674 3727 Hisdinio
699 3665 845 3728 Lectura
867 3665 944 3727 sive
967 3664 1113 3727 Postilla
1128 3681 1234 3743 super
1255 3664 1382 3726 librum
1403 3663 1481 3726 dob.

277 3748 298 3809 f.
328 3747 357 3805 l·
383 3749 686 3812 »Reverendissimo
710 3757 741 3812 in
765 3750 894 3814 Christo
919 3757 998 3830 patri
1033 3768 1071 3812 ac
1096 3752 1126 3811 d.
1151 3751 1182 3811 d.
1207 3749 1349 3812 Guidoni
1374 3751 1414 3810 de
1432 3749 1568 3810 Boionia

165 3837 217 3896 dei
241 3833 451 3914 providencia
473 3842 628 3916 episcopo
654 3839 820 3900 Portuensi
845 3845 876 3900 et
910 3845 1120 3899 sacrosancte
1155 3837 1246 3898 Rom.
1283 3838 1368 3899 Eccl.
1405 3835 1567 3899 Cardinali

165 3923 263 3984 irater
296 3922 322 3983 J.
358 3922 398 3982 de
429 3922 459 3983 H
477 3972 484 3984 .
502 3971 509 3984 .
527 3949 554 3985 .«
589 3927 621 3982 ><
652 3925 774 3986 1521ὓ
807 3931 901 4004 »quia
924 3930 956 3986 in
980 3927 1032 3985 illa
1054 3925 1270 3986 translacione
1294 3928 1497 4001 corriguntur
1521 3940 1569 3983 er-

166 4026 290 4071 rores«.

277 4098 309 4154 In
333 4101 462 4169 margine
484 4102 595 4171 passim
618 4102 736 4172 glossae
766 4103 881 4158 bohem.
914 4117 1040 4157 coaevae
1064 4102 1123 4170 (cx.
1156 4117 1197 4170 gr.
1237 4100 1255 4157 l.
1273 4100 1324 4169 80,
1348 4101 1398 4155 ubi
1422 4099 1571 4170 glossator

166 4193 298 4256 exoptat,
322 4195 353 4242 111
377 4189 532 4243 inducatur
555 4188 808 4259 archiepiscopus)
831 4193 997 4244 occurrunt.
1027 4187 1061 4242 In
1084 4187 1175 4242 fronte
1198 4186 1216 4244 s.
1248 4188 1281 4241 l:
1330 4186 1440 4242 »Istum
1464 4187 1570 4240 librum

166 4274 246 4329 dedit
269 4289 321 4344 pro
345 4276 525 4330 monasterio
549 4274 579 4332 S.
603 4274 694 4330 Marie
717 4281 746 4329 et
768 4275 798 4332 S.
823 4273 920 4330 Caroli
944 4277 973 4329 in
998 4274 1080 4330 Nova
1104 4273 1195 4344 Praga
1211 4273 1351 4329 Nicolaus
1369 4276 1464 4328 dictus
1488 4273 1569 4328 Flas·

167 4368 250 4416 cator
284 4362 319 4414 de
342 4359 427 4417 Telcz
458 4377 484 4416 a.
514 4361 624 4419 1520.«
650 4361 718 4417 Alia
750 4377 856 4416 manu:
900 4361 960 4415 »Ex
990 4361 1072 4416 libris
1105 4363 1247 4416 canoniae
1272 4359 1470 4415 Carloviensis
1495 4357 1571 4413 Neo-

168 4447 307 4517 Pragae.«

273 4612 331 4694 45
774 4615 805 4690 I.
835 4619 880 4690 A.
908 4616 969 4690 35.

169 4754 277 4816 citari.
300 4771 386 4816 saec.
410 4753 449 4816 Χ
453 4753 479 4814 V
486 4754 532 4836 ff
556 4754 631 4827 302,
653 4755 697 4817 29
711 4756 796 4817 ><22
819 4774 882 4817 cm.
906 4756 937 4817 d.
962 4774 1008 4818 m.

278 4873 300 4936 s.
327 4869 457 4935 1¹--96b
481 4873 649 4950 (Mauricii
672 4875 789 4953 Angli)
814 4876 1061 4939 Distinctiones
1085 4877 1326 4953 exemplorum
1348 4873 1432 4937 novi
1455 4881 1491 4936 et
1513 4892 1573 4936 ve-

169 4961 255 5022 teris
277 4961 480 5023 testamenti
502 4964 694 5024 secundum
716 4963 874 5025 ordinem
897 4962 1080 5040 alphabeti.
1119 4963 1352 5023 »Abstinencia
1385 4967 1436 5022 est
1470 4965 1571 5024 meriti

171 5053 432 5126 augmentative«
465 5053 492 5105 Ἀ
517 5052 635 5126 (zelus)
663 5055 717 5109 »111
740 5056 988 5128 persequeretur
1011 5051 1215 5110 christianos.
1241 5050 1311 5109 Act.
1340 5048 1406 5108 ia«

858 5275 885 5323 il
