3820 5960
1020 427 1086 492 700

461 632 613 705 Operculis
636 635 767 706 adligata
789 644 859 693 sunt
881 637 1043 709 fragmenta
1065 642 1186 699 membr.
1210 641 1323 699 codicis
1346 643 1501 697 cuiusdam
1523 639 1652 710 liturgici
1674 655 1754 698 saec.

349 717 430 776 XIV.
453 719 604 777 1111010100
626 724 751 778 observa
773 725 828 780 has
852 731 938 780 notas
966 728 992 783 1.
1016 729 1046 782 in
1070 729 1208 800 operculo
1231 743 1335 800 super:
1362 725 1467 783 »Liber
1488 725 1567 798 Mag.
1583 725 1704 782 Martini
1719 728 1754 782 de

351 803 529 878 Horzepnik‚
560 824 646 879 quem
676 808 785 880 legavit
813 825 865 882 pro
896 813 1020 884 collegio
1050 813 1201 886 Karoli‹,;
1213 817 1243 884 2.
1275 815 1401 871 ibidem:
1434 812 1532 884 »Mag
1556 811 1754 870 wenceslaus

352 891 566 950 Paczowiensis
590 895 659 966 legit
680 894 915 969 Metapirysicam
939 905 967 954 ct
990 900 1083 956 finivit
1106 901 1155 958 fer.
1178 901 1217 957 Ill
1242 909 1309 956 ante
1331 903 1359 960 b.
1384 899 1474 957 Marie
1488 899 1753 956 annunciaclonem
1878 937 1879 964 r

351 979 425 1034 hora
448 981 484 1036 21
511 997 538 1038 a.
563 984 591 1038 d.
618 981 732 1051 1488«,
765 984 793 1041 3.
816 985 847 1040 in
870 984 920 1041 fol.
945 989 1051 1043 memb.
1075 989 1250 1060 praeligato:
1284 987 1382 1058 »Mag
1407 985 1537 1043 Jacobus
1560 985 1753 1043 Strzibrensis
1878 1011 1879 1018 ¹

221 1127 228 1136 ,
352 1071 422 1121 tunc
446 1073 557 1123 arcium
580 1067 727 1126 facultatis
751 1073 882 1127 decanus
904 1072 1011 1128 librum
1034 1073 1236 1146 Metaphysice
1260 1077 1417 1146 explanare
1439 1073 1548 1145 incepit
1571 1090 1598 1130 a.
1622 1073 1752 1130 61493

352 1151 401 1208 101.
425 1151 474 1211 111.
498 1160 566 1224 post
588 1157 816 1213 translacionem
839 1173 863 1216 s.
883 1157 1084 1217 wenceslai«

457 1321 543 1403 700
806 1325 877 1406 IV.
906 1329 949 1404 E.
979 1329 1041 1405 20.
1073 1343 1200 1408 (xta.
1219 1362 1247 1398 a.
1266 1346 1321 1410 11.)

352 1441 461 1503 chari.
485 1461 518 1506 a.
540 1444 628 1509 1453
642 1447 685 1530 ff.
705 1450 769 1513 361
793 1451 1066 1546 1111111.,21><15
1086 1469 1149 1513 cm.
1172 1451 1190 1513 l
1215 1469 1260 1514 m.
1277 1468 1355 1513 cum
1379 1451 1449 1513 init.
1468 1449 1545 1531 pict.

395 1561 648 1631 vocabularius
677 1568 1020 1651 latino-germanicus
1048 1571 1467 1652 (Lateiniechdeutsches
1489 1571 1712 1650 Vocabular).

461 1667 482 1729 1.
510 1674 543 1733 11
569 1674 616 1733 »A
639 1681 690 1736 est
720 1691 841 1738 nomen
864 1678 1043 1751 materiale,
1068 1678 1253 1739 secundum
1278 1677 1368 1756 quod
1391 1693 1509 1738 omnes
1533 1679 1621 1739 litere
1644 1677 1753 1756 alpha·

353 1757 436 1819 bati«
462 1757 496 1814 ><
519 1757 539 1821 1.
563 1757 645 1822 351·
671 1759 828 1841 »Explicit
850 1765 1079 1825 vocabularius
1103 1780 1264 1843 pemanus
1288 1767 1364 1838 (sic)
1387 1763 1544 1824 Eiusdem
1568 1763 1753 1826 Pauli

354 1843 485 1922 (lacuna
507 1851 620 1909 atram.
644 1849 732 1922 illita)
755 1867 783 1911 a.
809 1851 840 1912 d.
867 1847 1002 1912 1453111
1027 1851 1078 1911 die
1102 1849 1236 1930 Mathey
1260 1853 1341 1912 hora
1364 1867 1575 1928 vesperarum
1591 1859 1754 1929 0051100-

354 1948 450 2010 peras
474 1937 586 2015 quinta
609 1935 720 1996 hora«

462 2021 483 2082 1.
507 2016 714 2082 3511-3571
737 2019 976 2084 Vocabularius
1000 2025 1173 2102 lat-germ.
1200 2028 1316 2084 minor.

462 2107 483 2168 i.
507 2102 589 2168 3571
610 2108 811 2186 adglutinata
826 2115 877 2170 est
900 2109 1015 2189 imago
1031 2127 1060 2172 a.
1076 2109 1288 2172 Catharinae
1304 2110 1376 2172 aeri
1392 2115 1466 2171 arte
1480 2109 1629 2187 punctili
1645 2109 1755 2172 incisa

354 2192 580 2272 (Schrotbild)
614 2211 689 2257 cum
728 2197 789 2257 hac
821 2199 1029 2275 inscriptione
1060 2198 1187 2258 calamo
1218 2203 1367 2258 exarata:
1402 2197 1459 2257 »A.
1484 2196 1515 2257 d.
1544 2196 1627 2257 1466
1649 2201 1683 2258 in
1706 2197 1754 2256 die

355 2297 382 2340 s.
405 2280 565 2343 Johannis
603 2298 720 2360 evang.
756 2283 796 2343 de
831 2299 928 2344 mane
962 2288 1049 2345 circa
1079 2287 1271 2345 matutinam
1306 2285 1385 2345 obiit
1417 2283 1532 2345 honor.
1570 2287 1621 2344 vir
1644 2283 1755 2344 doctor

355 2363 523 2429 Steffanus
546 2366 663 2457 Pretio*
676 2369 823 2430 decanus
847 2369 1011 2432 facultatis
1034 2371 1226 2448 theoloyce‹
1255 2417 1314 2431 ...

463 2453 483 2516 1.
507 2450 713 2518 3581-3611
736 2454 910 2517 Tractatus
933 2457 974 2517 de
997 2458 1107 2518 verbis
1130 2456 1373 2536 deponentibus
1397 2461 1429 2518 in
1452 2457 1518 2519 fine
1542 2473 1693 2518 mancus

463 2561 604 2617 Codicem
627 2563 706 2618 hunc
729 2563 851 2619 breviter
873 2569 1082 2620 commemorat
1104 2563 1186 2619 Kelle
1210 2566 1240 2618 in
1264 2563 1421 2634 Serapeum
1449 2564 1531 2620 1860
1554 2581 1583 2636 p.
1610 2564 1661 2621 13.

461 2731 531 2812 7οΙ
809 2730 879 2806 IV.
906 2732 951 2808 E.
980 2732 1041 2808 21.
1069 2747 1116 2811 (1.
1135 2749 1155 2799 1.
1174 2749 1306 2812 1150.)
1386 2744 1387 2747 ’

355 2855 463 2919 chari.
487 2873 520 2918 a.
543 2851 686 2938 1429ffi
709 2855 783 2932 235,
806 2853 984 2916 22><15·5
1003 2872 1078 2932 cm„
1102 2853 1120 2916 1
1146 2872 1191 2915 m.

380 2975 472 3040 Petri
494 2975 590 3039 Eiiae
613 2977 668 3056 (de
690 2973 790 3058 Riga)
812 2975 1059 3038 commentum
1081 2992 1188 3054 super
1218 2973 1331 3039 maius
1361 2975 1526 3038 volumen
1556 2976 1733 3041 Prisciani.

466 3081 488 3142 i.
516 3083 550 3143 l·
574 3080 645 3141 »Ad
668 3085 823 3142 maiorem
854 3083 931 3141 artis
954 3084 1164 3158 grammatice
1188 3083 1434 3159 cognicionem«
1462 3082 1495 3139 ><
1519 3079 1539 3141 1.
1565 3079 1647 3142 2351
1675 3081 1753 3142 »Ex-

359 3169 445 3249 plicit
478 3173 700 3230 commentum
735 3165 786 3228 Pe.
822 3165 914 3228 Helie
948 3171 1149 3245 grammatici
1184 3167 1293 3246 eximlj
1328 3183 1428 3244 super
1460 3171 1569 3228 maius
1602 3169 1755 3228 volumen

359 3255 513 3316 Prisciani
535 3259 732 3332 reportatum
767 3251 848 3316 0011ο
859 3257 900 3328 (i)
929 3257 962 3314 in
994 3257 1085 3315 scola
1118 3259 1194 3316 ante
1228 3253 1342 3315 Letam
1374 3251 1508 3314 Curiam
1543 3271 1601 3331 per
1636 3271 1754 3316 manus

358 3341 525 3405 stanislai
558 3341 600 3401 60
634 3338 777 3403 Gneana
809 3358 839 3402 a.
868 3340 899 3402 d.
926 3339 1019 3415 1429,
1053 3340 1242 3402 inchoatum
1274 3339 1391 3402 eodem
1429 3357 1518 3403 anno
1551 3338 1609 3402 fer.
1641 3340 1667 3400 li
1687 3349 1759 3420 post

359 3429 479 3490 festum
510 3431 656 3506 corporis
690 3425 818 3501 Christi,
853 3428 1117 3508 completumque
1141 3427 1195 3488 fer.
1222 3433 1317 3488 sexta
1347 3427 1466 3488 eodem
1490 3443 1578 3488 anno
1602 3435 1680 3505 post
1709 3425 1758 3487 Ni·

360 3517 460 3576 colai«
482 3562 490 3577 .
511 3561 517 3575 .
538 3557 572 3576 ..

387 3751 389 3756 ,
464 3687 548 3768 702
620 3763 622 3768 ,
807 3686 877 3762 IV.
904 3686 947 3762 E.
975 3685 1303 3767 22.‹r.1.2.„.2a.>

360 3810 550 3872 membran.
572 3827 660 3872 saec.
682 3807 769 3871 XIV
776 3810 822 3892 ff
846 3809 922 3885 298,
943 3807 1087 3872 23)(16
1109 3827 1171 3871 cen.
1196 3809 1228 3870 d.
1252 3827 1297 3870 m.

358 3929 538 4004 (Matthiae
553 3930 767 3993 Farinatoris
783 3945 844 3991 seu
858 3933 968 4009 potius
984 3928 1183 4008 Bercngarii
1194 3930 1236 3993 de
1250 3927 1425 4008 Londora)
1444 3928 1596 3991 »Lumen
1614 3929 1761 3991 anime«.

802 4016 977 4094 Excerpta
998 4015 1157 4078 eiusdem
1180 4015 1309 4094 operis.

468 4121 488 4184 1.
518 4121 650 4184 11--131
680 4120 809 4201 Duplex
832 4125 1003 4200 registrum
1031 4136 1151 4201 »super
1172 4121 1314 4199 quedam
1342 4125 1482 4198 excepta
1504 4123 1579 4193 (sic)
1604 4119 1645 4180 de
1671 4119 1758 4191 libro,

360 4214 414 4288 qui
447 4216 582 4270 vocatur
613 4209 736 4272 Lumen
769 4211 887 4281 anime,
921 4209 954 4268 in
985 4223 1051 4286 quo
1087 4212 1253 4286 ponuntur
1283 4211 1387 4285 primo
1418 4207 1560 4285 capitula
1590 4221 1668 4267 cum
1694 4209 1760 4266 suis

360 4297 519 4376 exemplis
543 4296 661 4357 deinde
685 4297 836 4375 exempla
857 4311 916 4373 per
938 4295 1086 4356 ordinem
1110 4294 1301 4376 alphabeti«

468 4383 488 4445 1.
517 4378 572 4444 131
597 4383 807 4444 »Aristoteles
838 4385 870 4443 in
894 4381 1053 4442 Problem.
1077 4379 1186 4442 Homo
1210 4382 1337 4441 cibatus
1364 4383 1465 4442 levior
1487 4385 1553 4440 est‹
1582 4381 1615 4436 ><
1637 4377 1659 4440 1,
1685 4373 1762 4440 2261

364 4469 569 4550 »Expliciunt
601 4475 762 4548 reportata
795 4468 837 4529 de
869 4469 960 4544 libro,
995 4472 1050 4545 qui
1080 4469 1269 4546 intytulatur
1302 4465 1428 4528 Lumen
1462 4471 1599 4528 anime«
1626 4463 1695 4527 Sed
1718 4481 1762 4526 re·

360 4574 439 4618 vera
460 4574 527 4618 non
551 4557 736 4638 expliciunt,
761 4556 821 4616 sed
845 4552 1291 4632 00111101101110105000><1
1316 4549 1397 4614 2981
1420 4556 1538 4627 (100001.
1562 4557 1673 4628 mutii.)
1700 4555 1761 4612 »sic

361 4641 465 4705 Maria
487 4645 652 4722 languenti
675 4646 784 4703 anime
807 4645 915 4703 crisim
940 4640 1067 4702 confert
1089 4640 1285 4702 valetudinis
1310 4643 1525 4718 sempiteme‹
1553 4636 1688 4716 (Cetera
1710 4639 1762 4698 de·

362 4729 570 4807 siderantur.)

471 4836 616 4908 Operculo
647 4835 729 4891 infer.
759 4836 848 4906 adlig.
880 4841 925 4890 est
955 4835 1055 4905 fragm.
1088 4835 1206 4891 membr.
1240 4835 1352 4890 codicis
1389 4834 1548 4890 cuiusdam
1583 4831 1763 4889 medicinalis

362 4939 441 4981 saec.
464 4921 542 4982 XIV.
568 4923 661 4979 Vetus
685 4924 760 4994 sign.
784 4921 810 4991 J,
835 4923 887 4978 21.

1040 5143 1091 5193 280
