3830 5966
1059 567 1141 628 1416

503 766 596 849 1416
810 769 916 846 VIII.
944 771 992 846 A.
1018 771 1079 846 ΙΙ.
1108 788 1154 854 (Υ.
1173 789 1220 840 111.
1240 791 1302 842 an.
1318 793 1370 890 rs.)

400 906 506 969 chart.
529 923 617 970 saec.
639 906 821 988 XVIIIsf.
845 909 919 989 418,
941 911 1019 991 (837
1039 913 1090 994 pp.
1114 913 1234 992 num),
1254 913 1433 991 33><20·5
1446 933 1509 977 cm.
1533 916 1564 978 d.
1589 935 1634 979 m.

398 1043 548 1148 loannis
571 1047 669 1110 Pauli
692 1047 826 1124 olivae,
850 1066 1009 1154 praepos.
1034 1051 1212 1154 generalia
1235 1051 1270 1115 S.
1285 1053 1328 1128 J.,
1351 1053 1567 1117 stromatum
1588 1059 1712 1118 tomus
1734 1054 1748 1115 l
1769 1055 1802 1114 in

397 1133 520 1196 titulos
555 1151 760 1198 communes
794 1136 923 1210 (ordine
946 1139 1167 1217 alphabebco)
1198 1138 1362 1202 redactus
1392 1139 1470 1202 aP.
1499 1141 1636 1204 Jacobo
1666 1141 1802 1204 Heisier
1893 1157 1894 1210 l

739 1222 773 1285 S.
796 1222 826 1285 J.
852 1222 992 1300 (Tomos
1016 1225 1041 1287 ll
1063 1231 1096 1286 et
1118 1224 1154 1288 lll
1177 1225 1270 1287 vide:
1295 1225 1335 1287 X.
1360 1226 1399 1288 D.
1428 1227 1491 1302 16.)
1893 1229 1894 1246 ¹

502 1341 595 1424 Opus
619 1345 682 1405 hoc
706 1350 833 1423 spectat
855 1346 898 1407 ad
914 1345 1026 1408 Olivae
1043 1345 1365 1410 Commentationum
1381 1356 1459 1411 tom.
1477 1347 1519 1410 lV
1531 1352 1589 1422 (.-.
1601 1346 1800 1411 Stromatum

398 1437 474 1492 tom.
500 1431 528 1506 l)
552 1429 701 1510 Lugduni
730 1430 812 1492 1679
835 1437 922 1512 typis
946 1449 1118 1495 excusum.

503 1637 591 1719 1417
620 1637 709 1718 1418
779 1635 880 1716 VIII.
908 1637 956 1716 A.
983 1639 1044 1714 12.
1073 1663 1111 1730 a,
1136 1639 1168 1716 b.
1202 1657 1246 1720 (Y.
1265 1657 1314 1710 111.
1334 1659 1464 1717 aaa.)

400 1796 507 1858 chart.
530 1814 618 1860 saec.
641 1796 747 1860 XVII
765 1815 811 1859 ex.
822 1797 870 1879 ff.
895 1799 937 1860 79
958 1800 989 1861 et
1010 1797 1084 1873 101,
1107 1799 1253 1862 31><20
1274 1817 1349 1876 cm„
1371 1799 1390 1860 1
1415 1816 1461 1860 m.
1486 1816 1564 1860 nem
1579 1799 1687 1879 imag.
1706 1803 1736 1860 et
1740 1799 1799 1879 fig.

399 1887 527 1945 atram.
554 1885 639 1946 chia.
663 1883 762 1948 delia.

501 2004 725 2069 Miscellanea
747 2004 980 2068 humaniatica
1002 2005 1150 2069 collecta
1171 2024 1193 2069 a
1214 2005 1250 2068 P.
1274 2005 1383 2068 Paulo
1405 2005 1585 2069 Meaenski
1608 2005 1643 2067 S.
1667 2005 1701 2067 J.

501 2124 609 2189 Tomo
643 2128 655 2192 l
685 2133 906 2190 continentur:
946 2129 976 2203 i)
1006 2127 1180 2191 Tractatus
1212 2129 1252 2189 de
1284 2129 1533 2190 humanioribus
1556 2129 1668 2200 literiS,
1693 2126 1729 2201 2)
1752 2125 1800 2186 Di·

399 2231 514 2276 versae
537 2215 669 2294 elegiae,
693 2215 787 2289 odae,
811 2220 1056 2295 epigrammata,
1091 2215 1126 2290 3)
1157 2215 1279 2277 Pobma
1310 2215 1351 2276 de
1384 2232 1410 2276 s.
1442 2215 1575 2293 Ignatio,
1609 2215 1645 2289 4)
1678 2212 1799 2274 Bivium

399 2305 576 2404 iuventutis
600 2319 657 2381 pro
682 2319 783 2364 scena
806 2304 995 2378 exhibitum,
1018 2303 1053 2378 5)
1077 2303 1198 2364 Podma
1221 2302 1261 2363 de
1285 2303 1417 2363 Alberto
1433 2300 1684 2364 Wallensteinio
1702 2299 1800 2378 Egrae

399 2403 521 2449 occiso.

502 2509 610 2572 Tomo
633 2509 657 2572 ll
681 2514 902 2572 continentur:
929 2511 958 2590 1)
982 2511 1173 2590 Applausus
1189 2511 1393 2589 triumphalis
1408 2526 1466 2588 pro
1482 2513 1699 2570 coronatione
1716 2513 1795 2588 regis

399 2596 491 2657 Rom.
522 2597 667 2675 Josephi,
702 2596 736 2676 2)
768 2597 958 2676 Applausus
988 2598 1212 2676 genethliacus
1244 2612 1302 2675 pro
1335 2597 1433 2658 natali
1463 2595 1652 2657 archiducis
1684 2593 1797 2666 Caroli,

399 2683 434 2757 3)
456 2684 647 2762 Applausus
670 2699 729 2762 pro
752 2683 851 2745 natali
873 2685 961 2746 arch.
986 2683 1152 2763 Leopoidi‚
1176 2685 1211 2757 4)
1235 2681 1396 2762 Symbola
1410 2687 1499 2760 regia
1515 2699 1572 2760 pro
1589 2687 1799 2744 coronatione

398 2769 518 2831 archid.
542 2768 677 2849 Josephi
700 2773 731 2831 in
755 2787 867 2848 regem
891 2768 1066 2849 Ungariae‚
1091 2770 1126 2846 5)
1149 2771 1373 2832 Allocutiones
1396 2768 1439 2830 ad
1455 2773 1630 2848 principes,
1656 2768 1693 2843 6)
1709 2771 1797 2830 Actio

399 2857 562 2918 theatralis
596 2855 801 2918 Ferdinando
832 2856 870 2920 lll
903 2857 1055 2930 exhibita,
1087 2856 1166 2924 dum
1196 2857 1337 2935 lapidem
1361 2855 1644 2917 fundamentalem
1669 2860 1800 2934 poneret

399 2944 523 3022 collegii
557 2942 759 3018 Clementini,
797 2943 955 3022 producta
985 2943 1061 3006 aP.
1092 2941 1263 3018 Casimiro,
1295 2941 1329 3016 7)
1351 2941 1548 3003 Exercitium
1571 2945 1740 3021 poeticum
1763 2941 1798 3001 de

398 3032 553 3091 heroibus
587 3036 719 3091 nostrae
754 3034 880 3104 amatia,
914 3030 949 3109 8)
980 3028 1170 3109 Conceptus
1201 3032 1331 3108 practici
1363 3046 1422 3108 pro
1457 3029 1632 3108 sepulchro
1670 3029 1798 3099 domini,
1893 3039 1894 3112 ,

398 3114 432 3196 9)
468 3115 620 3180 Castrum
655 3117 776 3178 doloris
811 3133 895 3178 com.
930 3116 1111 3178 Humberto
1146 3113 1286 3178 Czemin
1320 3115 1444 3194 Pragae
1481 3119 1513 3176 in
1552 3117 1800 3194 metropolitana

401 3221 427 3264 s.
451 3201 514 3265 Viti
538 3210 694 3268 erectum.

504 3375 592 3456 1419
977 3372 1079 3452 VIII.
1105 3375 1153 3450 A.
1180 3373 1242 3450 13.

400 3515 508 3580 chart.
530 3531 617 3576 saec.
642 3512 750 3576 XVII
757 3513 804 3596 ff.
826 3514 900 3592 583,
922 3513 1072 3594 30><21
1087 3531 1150 3575 cm.
1174 3513 1205 3574 d.
1221 3531 1267 3576 m.

620 3651 740 3730 Eiogia
760 3657 899 3731 patrum
920 3652 954 3716 S.
978 3652 1009 3716 J.
1032 3670 1063 3715 a.
1089 3649 1302 3714 1656-1619
1324 3650 1578 3714 detunctorum.

502 3775 546 3833 Ex
570 3793 628 3848 quo
651 3778 775 3850 collegio
799 3777 831 3835 S.
853 3778 880 3835 J.
904 3781 998 3836 codex
1020 3777 1194 3850 provenerit,
1219 3777 1400 3848 ignoramus.

506 3985 606 4067 14211
638 3985 724 4066 1421
923 3982 1022 4060 VIII.
1051 3983 1098 4059 A.
1127 3982 1189 4058 14.
1217 4004 1255 4072 ιι,
1281 3979 1313 4056 6.

400 4145 506 4228 chart.
530 4163 563 4206 a.
586 4141 802 4208 1737-1740
814 4139 863 4220 ff.
887 4139 953 4204 648
974 4143 1004 4201 et
1025 4140 1098 4212 691,
1122 4139 1211 4201 35)<
1233 4137 1277 4198 22
1299 4153 1363 4199 cm.
1387 4136 1420 4199 d.
1442 4155 1488 4198 m.

401 4284 655 4348 chronicorum
677 4281 876 4344 discalceati
891 4279 1025 4343 ordinis
1042 4277 1293 4342 Sanctissimae
1307 4275 1487 4338 Trinitatis
1503 4275 1547 4338 de
1560 4275 1797 4353 redemptione
1893 4229 1894 4298 4

401 4371 620 4451 captivorum
642 4386 724 4448 para
747 4367 776 4430 11
798 4368 882 4431 oiim
905 4366 1089 4445 hispanico
1113 4364 1279 4427 idiomate
1320 4364 1530 4425 concinnata
1550 4378 1615 4440 per
1637 4361 1678 4428 P.
1701 4363 1797 4424 Alex·
1893 4389 1894 4414 1

401 4458 548 4522 andrum
577 4453 599 4520 a
627 4456 738 4518 Matre
761 4455 825 4517 Dei
849 4502 856 4516 .
881 4505 888 4517 .
915 4503 920 4515 .
946 4501 953 4514 .
984 4470 1076 4514 nunc
1105 4467 1191 4513 vero
1220 4451 1359 4530 linguae
1382 4448 1511 4511 latinae
1534 4449 1616 4510 data
1639 4449 1797 4526 notisque

401 4545 648 4625 marginalibus
681 4547 784 4605 aucta
812 4558 876 4620 per
904 4539 939 4602 P.
971 4539 1171 4602 Florianum
1202 4555 1223 4599 a
1254 4536 1289 4600 S.
1312 4535 1470 4614 Josepho
1505 4535 1693 4597 Bohemum
1713 4584 1721 4597 .
1741 4583 1748 4594 .
1767 4581 1796 4596 ..

401 4635 678 4696 bibliothecarium
701 4629 908 4708 Pragensem.
934 4627 1055 4705 Pragae
1078 4643 1106 4688 a.
1136 4624 1227 4688 1737.

504 4775 605 4832 Eidem
638 4773 724 4830 titulo
758 4771 870 4828 codicis
904 4770 1034 4840 alterius,
1069 4784 1127 4841 quo
1162 4768 1301 4823 mundius
1332 4767 1481 4837 exemplar
1502 4763 1598 4836 operis
1622 4765 1796 4830 continetur,

402 4863 533 4919 additum
563 4869 622 4917 est:
658 4859 877 4931 »Descriptione
905 4872 985 4927 vero,
1017 4857 1197 4912 correctione
1230 4859 1258 4909 et
1290 4855 1454 4923 marginum
1485 4851 1639 4906 notatione
1664 4851 1797 4905 absolute

402 4968 427 5006 a.
454 4950 565 5008 1740.«
591 4947 811 5018 Subscriptione
835 4945 947 5001 codicis
976 4945 1065 4998 huius
1089 4941 1253 5008 edocemur,
1288 4939 1395 4994 librum
1429 4935 1616 5009 hispanicum
1654 4935 1796 5008 compluti

402 5055 428 5094 a.
458 5036 537 5092 1706
561 5039 735 5106 impressum
758 5047 832 5088 esse.
866 5029 935 5086 Sine
958 5031 1049 5086 dubio
1073 5045 1091 5084 a
1113 5027 1275 5084 Trinitariis
1297 5024 1503 5096 Pragensibua

1076 5247 1127 5299 528
