3830 5966
1058 561 1139 623 1215

505 771 550 826 Ad
577 771 689 827 calcem
714 771 733 827 f.
761 765 815 828 17¹³
838 771 946 841 (ultimi
971 773 1146 842 membran.)
1161 773 1234 827 haec
1251 778 1320 827 nota
1337 773 1478 828 occurrit:
1505 771 1698 828 »Ulteriorem
1720 788 1799 827 men-

395 859 473 914 sium
504 860 608 913 seriem
644 874 711 913 cum
743 861 893 914 annotatis
924 859 1128 914 defunctorum
1163 859 1333 915 nominibus
1363 863 1392 913 et
1421 858 1532 929 origine
1554 857 1607 916 SS.
1633 857 1798 930 Capparum

395 945 516 1015 quidam
539 945 614 1016 (una
638 959 697 1000 vox
720 951 882 1001 atramento
905 945 994 1016 illita)
1011 945 1180 1000 Crumlovio
1204 943 1277 1019 (sic)
1293 945 1419 1000 studiosi
1436 945 1607 1001 excidemnt
1623 945 1655 1000 in
1671 947 1799 1017 capitulo

399 1032 510 1090 1647«.
535 1031 604 1087 Ideo
628 1047 695 1103 pars
719 1032 839 1088 ulterior
862 1032 1017 1088 chartacea
1040 1032 1139 1088 addita
1162 1039 1215 1087 est.
1239 1029 1263 1086 E
1285 1039 1412 1088 monast.
1436 1031 1467 1088 S.
1492 1031 1635 1088 Coronae.

501 1198 596 1280 1215
991 1197 1071 1274 VII.
1100 1199 1210 1274 Aa.

394 1339 501 1400 chart.
526 1356 558 1402 a.
581 1338 669 1402 1756
685 1337 725 1420 ff.
750 1341 823 1414 156,
846 1339 991 1402 40)(27
1014 1357 1077 1402 cm.
1100 1339 1119 1401 1
1144 1357 1190 1400 rh.

393 1459 549 1522 Historia
579 1461 671 1522 sacri
703 1459 862 1522 canonici
893 1459 1026 1521 ordinis
1056 1459 1323 1538 crucigerorum
1354 1475 1435 1520 cum
1464 1459 1584 1522 Rubeo
1615 1459 1730 1523 Corde
1761 1463 1801 1523 de

392 1544 613 1609 Poenitentia
634 1547 823 1610 Beatorum
851 1545 1048 1627 Martyrum
1079 1551 1111 1608 in
1136 1553 1276 1624 quatuor
1309 1551 1464 1607 tractatus
1500 1547 1605 1608 divisa
1624 1593 1743 1610 .....
1761 1549 1801 1609 ad

394 1634 554 1694 bilancem
589 1635 819 1712 chronologiae
857 1639 1045 1695 examinata
1064 1681 1180 1699 .....
1197 1649 1259 1711 per
1297 1630 1471 1694 Joannem
1489 1633 1656 1696 Carolum
1691 1633 1801 1703 Rohn,

395 1719 554 1781 Boemum
579 1719 928 1799 Reichenbergensem,
953 1721 1102 1782 eiusdem
1126 1718 1194 1780 ord.
1220 1719 1263 1779 ad
1279 1715 1312 1780 S.
1330 1715 1470 1782 Crucem
1497 1719 1657 1782 Maiorem
1681 1720 1801 1800 Pregae

774 1812 968 1869 canonicum
994 1809 1186 1886 regularem.
1210 1807 1248 1868 A.
1273 1805 1303 1866 d.
1330 1802 1424 1867 1756.

502 1914 545 1970 Ex
568 1917 671 1971 eodem
695 1917 884 1972 monasterio.

500 2066 740 2149 1216-1218
902 2065 985 2142 VII.
1016 2066 1062 2142 A.
1090 2065 1179 2154 IOa,
1207 2065 1239 2154 h,
1266 2088 1293 2141 c.

394 2203 503 2267 chart.
528 2209 664 2286 autogr.
689 2225 712 2269 a
734 2206 955 2270 rara-1780
969 2204 1018 2285 ff.
1041 2205 1117 2280 245,
1138 2206 1214 2281 227,
1237 2207 1311 2283 180,
1333 2207 1411 2269 35¹5
1422 2209 1454 2264 ><
1467 2205 1510 2266 22
1520 2223 1582 2267 cm.

392 2325 504 2389 Janus
541 2326 676 2390 bifrons
711 2333 917 2407 respectans
953 2327 1151 2405 praeterita,
1189 2343 1297 2406 agens
1334 2327 1546 2406 praesentia,
1584 2325 1803 2404 prospiciens

392 2411 533 2490 futuris,
565 2431 628 2476 seu
661 2415 764 2478 Liber
786 2413 920 2477 archivi
944 2413 967 2490 1,
991 2413 1030 2489 11,
1053 2413 1097 2475 111
1120 2413 1268 2476 Sanctae
1299 2413 1421 2476 Crucis
1452 2411 1693 2491 complectens
1727 2419 1804 2474 acta

394 2517 456 2578 per
476 2507 675 2579 temporum
705 2503 892 2565 decursum
915 2518 936 2560 a
958 2501 1072 2579 primo
1095 2500 1240 2579 Pragam
1259 2547 1266 2562 .
1287 2546 1321 2562 ..
1356 2501 1624 2578 Crucigerorum
1646 2500 1678 2561 b.
1703 2505 1803 2562 mart.

393 2587 435 2648 de
479 2589 697 2666 poenitentia
741 2589 920 2651 adventu.
941 2633 948 2647 .
969 2635 975 2648 .
995 2587 1167 2650 collecta.
1188 2639 1193 2649 .
1215 2637 1221 2649 .
1241 2588 1304 2649 sub
1349 2592 1587 2666 regimine...
1612 2585 1802 2648 Wenceslai

394 2673 606 2754 Kirchmayer
640 2675 681 2736 de
716 2674 892 2737 Reichwitz
928 2678 1104 2752 praepositi
1139 2675 1181 2734 ad
1206 2672 1239 2736 S.
1265 2673 1405 2736 Crucem
1439 2673 1598 2734 Maiorem
1622 2672 1736 2752 (scribi
1760 2679 1805 2734 in-

393 2762 526 2837 choata)
549 2779 579 2824 a.
606 2761 691 2823 1744
713 2762 763 2841 (et
785 2777 897 2838 usque
921 2761 966 2822 ad
989 2777 1018 2822 a.
1047 2759 1131 2822 1780
1153 2761 1395 2839 procurrentia
1427 2777 1534 2839 opera
1557 2766 1593 2822 et
1615 2777 1724 2821 manu
1747 2759 1804 2822 lo

889 2847 1017 2909 hannis
1042 2847 1159 2910 Caroli
1181 2847 1309 2926 Rohn).

502 2953 541 3010 Ut
565 2955 595 3010 in
618 2955 796 3026 praefatione
828 2955 893 3011 libri
924 2954 937 3010 1
961 2957 1125 3026 edocemur,
1157 2955 1204 3011 his
1236 2956 1330 3010 tribus
1362 2955 1444 3011 libris
1474 2959 1589 3010 tantum
1620 2961 1709 3010 sexta
1738 2969 1803 3025 pars

394 3041 492 3114 operis
524 3043 643 3098 maioris
674 3045 859 3110 continetur3
892 3049 1003 3113 partem
1024 3045 1184 3098 secundam
1213 3043 1281 3097 vide
1311 3042 1366 3097 sub
1390 3041 1445 3111 sig.
1469 3039 1546 3100 XIII.
1570 3041 1603 3099 B.
1629 3041 1659 3110 6,
1691 3045 1804 3096 tertiam

394 3130 450 3184 sub
472 3126 539 3186 XV.
553 3129 589 3184 A.
605 3129 633 3198 2,
650 3135 784 3201 quartam
798 3130 855 3184 sub
869 3127 931 3186 VII.
949 3127 984 3184 A.
1007 3129 1054 3198 11,
1072 3129 1204 3200 quintam
1220 3130 1276 3184 sub
1293 3127 1370 3185 XIV.
1388 3127 1421 3184 C.
1440 3127 1458 3182 6
1475 3127 1582 3198 (prima
1597 3129 1803 3198 desideratur),

393 3217 522 3271 indicem
545 3215 636 3271 totius
660 3217 756 3287 operis
780 3218 835 3272 sub
859 3213 923 3274 Vll.
946 3213 979 3271 B.
1006 3214 1034 3272 3.
1061 3214 1104 3270 Ex
1126 3221 1253 3271 monast.
1279 3213 1469 3287 Cyriacorum
1493 3215 1576 3286 Prag.

502 3382 586 3463 1219
981 3381 1061 3460 VII.
1090 3383 1135 3460 A
1163 3382 1222 3459 11.

395 3523 501 3584 chart.
526 3541 558 3584 a.
581 3521 799 3586 1741-1779
813 3521 862 3602 ff.
886 3523 962 3586 XII
965 3521 1041 3590 lL
1062 3522 1142 3602 (62),
1164 3523 1208 3586 36
1221 3521 1310 3585 ><73
1332 3539 1395 3583 cm.
1419 3521 1450 3583 d.
1475 3539 1520 3584 m.

398 3643 524 3706 »Ortus
548 3649 582 3705 et
605 3660 753 3706 occasus
779 3689 786 3706 .
811 3689 818 3704 .
843 3689 851 3704 .
875 3643 1143 3722 Crucigerorum
1166 3659 1247 3705 cum
1269 3643 1389 3705 Rubeo
1412 3641 1526 3705 Corde
1543 3642 1587 3704 ad
1603 3643 1636 3704 S.
1656 3641 1804 3705 Crucem

393 3728 595 3792 Maiorem.
620 3777 628 3792 .
653 3779 659 3794 .
685 3749 748 3793 seu
783 3731 887 3793 Liber
909 3730 1045 3794 archivi
1067 3730 1100 3793 S.
1126 3729 1251 3792 Crucis
1275 3729 1463 3792 continens
1487 3731 1608 3791 litteras
1633 3733 1801 3792 natalium.

395 3817 648 3896 professionum,
673 3823 881 3891 emissarum,
907 3835 932 3880 a.
958 3819 1111 3880 ordinum
1136 3822 1366 3895 susceptorum
1399 3823 1431 3877 et
1454 3817 1631 3894 syllabum
1664 3815 1803 3894 religio·

395 3919 534 3965 sorum«
563 3952 568 3964 .
595 3949 603 3964 .
627 3949 635 3966 .
659 3905 861 3984 (inchoatus
884 3923 914 3966 a.
942 3903 1022 3966 1741
1049 3908 1084 3966 et
1101 3919 1311 3982 procurrens
1329 3919 1440 3981 usque
1457 3902 1500 3966 ad
1516 3919 1545 3965 a.
1566 3899 1652 3965 1779
1670 3909 1801 3964 auctore

864 3990 1029 4054 iohanne
1054 3989 1180 4054 Carolo
1203 3989 1332 4068 Rohn).

501 4095 555 4152 Est
576 4102 680 4169 quarta
702 4113 770 4169 pars
794 4103 889 4170 operis
914 4099 1033 4154 maioris
1058 4097 1107 4169 (cr.
1132 4101 1199 4154 cod.
1223 4099 1375 4170 praeced.)
1400 4113 1537 4168 magnam
1571 4103 1686 4170 partem
1722 4105 1802 4152 auto·

394 4185 515 4255 grapha.
538 4183 582 4239 Ex
605 4189 732 4240 monast.
758 4183 948 4256 Cyriacorum
971 4185 1055 4256 Prag.

500 4351 595 4432 1220
983 4351 1064 4428 VII.
1093 4351 1139 4427 A.
1167 4351 1229 4428 12.

394 4489 583 4552 membran.
606 4509 694 4554 saa.
716 4491 804 4554 XIV
814 4489 863 4571 fs.
887 4491 961 4570 400,
984 4492 1027 4555 ar
1043 4492 1080 4564 ><
1093 4465 1144 4554 25'
1158 4509 1221 4553 cm.
1245 4491 1276 4554 a.
1300 4510 1346 4555 m.

414 4610 632 4672 Breviorium
655 4612 850 4674 secundum
880 4613 1057 4677 rubricam
1079 4610 1291 4691 Pragensem
1314 4614 1549 4692 praecedente
1572 4613 1778 4676 calendario.

498 4780 580 4862 1221
977 4782 1058 4859 VII.
1084 4784 1132 4860 Α.
1159 4783 1222 4861 la.

395 4923 504 4986 chart.
527 4939 616 4985 saec.
639 4923 677 4984 X
681 4921 872 4986 VI-XVII
885 4923 925 5006 ff.
948 4923 1022 5001 384,
1045 4923 1188 4987 35><24
1211 4942 1274 4987 cm.
1299 4926 1331 4988 d.
1354 4943 1399 4987 m.

603 5045 897 5124 Antiphonarium
922 5046 1054 5107 missae
1077 5045 1172 5108 notis
1195 5046 1345 5110 musicis
1368 5045 1591 5111 instructum.

1071 5269 1123 5320 476
