3830 5966
814 566 896 624 1144

147 777 338 848 inscriptione
361 777 393 831 in
416 775 466 832 iol.
489 775 649 846 praeligato
672 778 839 830 edocemur.
863 775 898 830 Α.
928 775 1008 831 1609
1034 776 1129 830 codex
1152 781 1211 831 erat
1235 777 1265 831 in
1288 779 1359 836 bibl.
1384 779 1551 835 Rosenber-

146 863 225 933 gica,
249 879 285 918 ex
308 879 366 934 qua
388 863 540 918 restitutus
564 868 608 916 est
632 862 810 917 monasterio
841 862 981 932 praefato.
1028 860 1174 933 Operculo
1210 878 1306 934 super.
1342 865 1549 935 adglutinatae

147 957 219 1005 sunt
242 951 340 1005 literae
364 949 494 1019 magistri
518 949 626 1004 civium
650 950 730 1005 civit.
745 947 847 1003 Piesek
870 950 908 1004 ad
931 949 1078 1019 quendam
1095 949 1265 1018 magistrum
1282 953 1317 1006 de
1334 967 1433 1007 annuo
1451 968 1548 1008 censu

147 1037 298 1092 altaristae
322 1051 346 1092 s.
371 1035 551 1106 sigismundi
576 1037 605 1090 in
630 1035 731 1089 Piesek
755 1041 923 1106 comparato
947 1031 1039 1110 (saec.
1067 1033 1261 1106 xlv—XV).

255 1237 353 1318 1143
776 1236 839 1311 Vl.
868 1237 907 1311 F.
937 1239 970 1310 6.

145 1379 257 1441 chart.
279 1395 366 1440 saec.
389 1376 457 1438 XV
468 1375 519 1456 ff.
543 1378 617 1452 253,
639 1377 726 1438 22><
741 1377 784 1438 15
804 1393 867 1438 cm.
889 1376 907 1439 1
933 1395 979 1438 m.

257 1516 278 1578 i.
306 1517 459 1578 1·-1441
483 1515 619 1583 tJacobi
642 1517 683 1577 de
703 1513 891 1593 Voragine)
916 1517 1104 1577 Sermones
1128 1516 1445 1594 quadragesimales
1469 1536 1548 1580 cum

142 1604 278 1682 glossis
301 1603 503 1665 bohemicis.
541 1601 719 1682 »Quamvis
744 1606 957 1680 solempnitas
981 1603 1293 1682 quadragesimalis«
1314 1606 1346 1661 ><
1366 1609 1548 1667 »eiecerunt

144 1699 179 1751 et
202 1690 460 1752 crucifixerunt«

256 1778 276 1838 l.
304 1773 504 1838 ilii-184b
528 1775 717 1838 Sermones
740 1772 968 1836 adventuales
992 1791 1066 1836 cum
1084 1777 1205 1852 glossis
1224 1777 1413 1840 bohemicis.
1440 1778 1549 1840 »Hora

143 1871 200 1924 est
222 1869 285 1924 iam
310 1880 372 1925 nos
396 1864 436 1923 de
461 1879 602 1941 sompno
627 1878 777 1939 surgere«
805 1861 836 1918 ><
864 1865 1052 1939 »possimus
1075 1878 1243 1940 regnare«.

256 1951 276 2012 i.
305 1945 505 2012 1841)-2531
530 1952 717 2011 Sermones
741 1948 782 2009 de
806 1947 938 2009 sanctis
962 1965 1042 2009 cum
1063 1947 1194 2026 glossis
1229 1951 1431 2012 bohemicis.
1480 1949 1547 2012 »De

143 2055 171 2098 s,
200 2037 351 2098 Barbara.
375 2035 474 2114 Virgo
498 2040 635 2115 cogitat«
663 2037 694 2092 ><
723 2052 807 2096 »non
830 2034 960 2095 creditis
985 2037 1070 2096 mihi.
1095 2034 1168 2096 Joh.
1191 2033 1287 2098 Vlli«

255 2143 288 2199 In
311 2144 361 2201 lol.
385 2146 547 2215 praeligato
571 2144 674 2198 eadem
709 2157 798 2196 manu
832 2144 958 2213 scriptae
993 2149 1063 2198 sunt
1095 2143 1260 2214 petitiones,
1297 2161 1372 2215 quae
1411 2146 1541 2201 codicem

141 2233 300 2286 cuiusdam
325 2231 493 2286 monasterii
517 2233 546 2284 in
569 2228 711 2285 Bohemia
735 2227 959 2302 (Tiebonensis)
984 2229 1073 2284 luisse
1097 2233 1214 2285 docent.
1261 2228 1333 2285 ltem
1355 2231 1450 2286 lorma
1473 2247 1542 2288 con·

140 2318 283 2373 fessionis
306 2317 449 2387 generalis
473 2317 627 2372 bohemica
649 2311 793 2387 (Zpoved
813 2310 935 2370 obecna
957 2309 1077 2383 desita),
1102 2318 1171 2371 item
1185 2316 1332 2372 orationes
1357 2319 1544 2377 bohemicae:

139 2399 268 2460 Zdraua
289 2398 449 2460 kralovno
472 2407 504 2458 et
526 2399 649 2473 Zavr'taj
673 2399 769 2472 svaty
793 2395 881 2460 dude.
906 2401 1059 2473 Operculis
1084 2402 1283 2472 adglutinatae
1307 2411 1376 2459 sunt
1399 2404 1546 2476 Quatuor

139 2493 254 2547 icones
278 2491 342 2546 aeri
365 2497 433 2546 arte
457 2490 591 2560 punctili
616 2489 737 2545 incisae
761 2488 1005 2558 (Schrotbilder)
1029 2493 1061 2543 et
1083 2490 1245 2545 coloratae
1268 2495 1545 2561 repraesentantes

143 2577 177 2650 l)
204 2577 335 2634 Mariam
357 2576 506 2633 Jesulum
530 2575 678 2631 manibus
701 2579 876 2645 tenentem,
908 2573 941 2648 2)
973 2575 1140 2631 sudarium
1162 2590 1187 2629 s.
1226 2574 1415 2646 veronicae,
1451 2576 1484 2649 3)
1518 2593 1544 2634 s.

138 2663 422 2736 christophorum,
446 2662 480 2733 4)
504 2679 528 2718 s.
553 2661 818 2718 Bernhardlnum.
843 2659 935 2736 (saec.
959 2660 1038 2733 XV).
1073 2662 1109 2720 a
1149 2662 1228 2718 1609
1264 2665 1358 2718 codex
1389 2672 1450 2720 erat
1474 2666 1542 2722 bibl.

139 2752 385 2820 Rosenbergicae,
408 2751 513 2806 deinde
538 2757 664 2806 monast.
688 2747 895 2804 Tlebonensis.

250 2951 349 3032 1144
769 2950 838 3026 Vl.
863 2949 901 3024 F.
932 2950 965 3025 7.

136 3113 250 3173 chart.
273 3110 365 3172 misc.
388 3127 475 3172 saec,
500 3107 568 3170 XV
587 3109 695 3189 (1425,
718 3107 838 3171 1446-
848 3108 905 3187 48)
914 3107 961 3190 ff.
984 3107 1059 3183 175,
1082 3107 1122 3168 21
1138 3108 1227 3170 ><15
1248 3126 1310 3170 cm.
1334 3110 1356 3171 2
1379 3128 1423 3172 m.

252 3247 274 3309 i.
305 3249 437 3308 11--52ι
461 3249 636 3311 Johannis
660 3251 701 3309 de
724 3248 940 3310 Sacrobosco
962 3247 1146 3309 Tractatus
1177 3249 1219 3309 de
1252 3250 1403 3325 sphaera
1437 3254 1542 3311 mate·

139 3335 220 3396 riali
243 3352 322 3396 cum
345 3333 606 3398 commentario.
634 3333 774 3414 »Magna
797 3340 847 3396 est
871 3338 1035 3412 sapiencie
1060 3333 1230 3395 divinitas«
1260 3339 1290 3390 ><
1318 3338 1451 3397 »mundi
1475 3353 1541 3397 ma-

137 3424 239 3483 china
262 3422 466 3483 dissolvetur.
491 3422 584 3500 Expl.
610 3428 699 3483 tract.
725 3439 820 3500 spere
844 3423 1020 3482 materialis
1044 3419 1156 3482 finitus
1191 3438 1248 3499 per
1277 3421 1475 3484 Johannem
1500 3430 1541 3484 de

138 3507 252 3570 Nowe
276 3505 413 3586 Myasto
437 3508 493 3570 ier.
518 3507 555 3571 111
580 3513 655 3586 post
677 3510 775 3568 letare
799 3513 886 3569 circa
908 3511 1027 3567 almam
1064 3511 1309 3570 universitatem
1346 3508 1540 3571 Cracovien-

139 3611 214 3656 sem
238 3598 270 3656 in
293 3596 393 3656 domo
417 3599 531 3673 prioris
554 3612 734 3674 pauperum
759 3597 857 3656 burse
880 3594 959 3655 ad.
978 3591 1090 3654 tcta«
1111 3591 1262 3672 Sequens
1281 3596 1446 3673 quaedam
1463 3605 1541 3657 nota

136 3683 243 3742 cultro
267 3685 379 3742 excisa
402 3688 461 3742 est.

250 3783 271 3844 1.
296 3781 455 3846 532-98b
490 3784 592 3846 Liber
626 3787 667 3845 de
701 3783 883 3846 altitudine
917 3783 1039 3844 mundi
1071 3783 1288 3846 recollectus.
1338 3786 1540 3848 ›Avicebron

138 3873 221 3931 libro
255 3871 354 3931 sontis
388 3876 470 3932 uite:
507 3871 540 3933 ln
575 3873 682 3932 alciori
718 3875 894 3932 intersticio
925 3875 1028 3930 acris«
1056 3871 1087 3928 ><
1116 3870 1174 3931 »Et
1198 3875 1245 3931 sie
1270 3877 1320 3932 est
1343 3872 1418 3934 finis
1441 3873 1539 3934 huius

136 3962 282 4030 materie,
307 3975 369 4036 que
393 3958 523 4036 quidem
548 3963 682 4018 materia
706 3961 826 4036 scripta
849 3973 887 4017 ac
911 3959 1046 4018 collecta
1069 3964 1120 4018 est
1143 3973 1201 4035 per
1223 3975 1275 4017 me
1298 3958 1474 4020 Andream
1497 3959 1539 4021 de

137 4043 272 4106 Costen
308 4045 430 4105 baccal.
476 4043 731 4106 Cracoviensem
766 4049 798 4105 in
833 4043 950 4104 eodem
983 4043 1091 4103 studio
1115 4048 1147 4104 in
1171 4044 1270 4105 bursa
1294 4062 1473 4123 paucerum
1498 4063 1539 4107 cx

135 4131 283 4208 quodam
308 4132 399 4195 libro,
422 4135 478 4209 qui
500 4135 678 4192 intitulatur
710 4132 763 4193 lib.
801 4131 841 4190 de
876 4137 929 4190 alt.
962 4147 1004 4190 m.
1029 4131 1232 4191 obmittendo
1257 4132 1376 4193 ibidem
1402 4149 1537 4193 sensum

137 4221 303 4278 misticum
328 4223 397 4277 sive
423 4220 640 4295 theologicum
665 4235 694 4277 a.
721 4215 833 4277 tata·

221 4411 227 4422 .
248 4319 268 4382 1.
293 4318 477 4382 98b-lOOb
502 4321 791 4382 Recommendatio
826 4325 941 4382 artium
967 4321 1143 4380 liberalium
1176 4327 1208 4380 et
1231 4323 1413 4398 specialiter
1435 4329 1537 4383 astro·

136 4424 278 4469 nomiae.

247 4511 266 4571 i.
293 4509 494 4572 loll—102a
520 4511 576 4572 Ali
599 4510 649 4573 De
673 4509 904 4588 dispositione
927 4510 1028 4573 atris.
1077 4510 1146 4569 »Ad
1172 4512 1478 4589 prenosticandam‹
1505 4515 1536 4570 ><

137 4597 252 4676 »Expt
278 4599 354 4658 tiber
377 4595 462 4676 Haly
485 4598 526 4658 de
550 4598 581 4658 d.
605 4615 633 4658 a.
658 4599 770 4660 finitus
795 4613 852 4675 per
873 4596 1048 4658 Andream
1065 4598 1107 4657 de
1124 4595 1256 4658 Costan
1274 4602 1396 4658 arcium
1413 4599 1536 4660 baccal.

133 4689 169 4745 in
193 4684 294 4745 bursa
316 4699 495 4762 pauperum
520 4687 593 4763 ipso
617 4686 667 4745 die
692 4701 718 4744 s,
744 4681 910 4762 Spiritus·

244 4787 266 4848 i.
293 4786 493 4850 102·-’-1031
520 4786 637 4850 »Stelle
661 4789 725 4849 fixe
749 4791 858 4848 aerem
883 4787 1083 4849 turbantes«
1129 4786 1188 4848 »28
1212 4791 1403 4848 mansiones
1427 4790 1532 4850 lune«

245 4890 265 4952 i.
294 4888 496 4954 1031-112ι
519 4891 562 4954 Μ.
599 4891 769 4954 Guidonis
803 4888 941 4974 (Bonati
976 4890 1242 4966 Foroliviensis)
1276 4889 1458 4953 Tractatus
1492 4892 1534 4954 de

133 4977 370 5055 dispositione
393 4979 494 5041 aeris.
523 4977 588 5039 »Ne
612 4985 642 5040 te
677 4983 709 5040 in
743 4983 905 5039 astrorum
936 4979 1081 5039 iudiciis·
1110 4981 1141 5032 ><
1169 4978 1376 5056 grandinem
1413 4985 1534 5059 tempe·

132 5071 285 5126 stuosam
303 5109 312 5129 .
332 5113 338 5124 .
357 5109 366 5129 .
385 5083 443 5144 per
464 5067 639 5128 Andream
661 5064 703 5127 de
728 5065 888 5128 Costan.·

809 5285 858 5337 tet
