3812 5968
787 561 849 622 887

120 768 374 830 Wenczeslaum
398 768 527 831 fratrem
551 770 674 830 ordinis
697 767 900 848 Mylocensis
925 769 987 830 sub
1011 786 1040 829 a.
1065 769 1096 829 d.
1123 765 1206 829 1376
1241 773 1272 828 in
1296 770 1380 847 vigil.
1415 772 1518 829 sanct.

119 853 164 916 Xl
186 857 272 916 milia
293 859 482 934 virginum«
509 855 528 917 i.
553 852 634 916 3521‘
661 855 818 934 »Explicit
840 873 925 935 opus
948 853 1077 917 Thome
1102 856 1142 916 de
1167 856 1297 935 Aquino
1331 872 1432 933 super
1465 853 1518 914 Jo-

119 943 263 1004 hannem
297 959 439 1021 compar.
475 946 547 1021 (per
579 943 737 1017 eundem)
771 942 897 1004 finitum
933 944 996 1003 sub
1031 961 1058 1003 a.
1084 943 1115 1002 d.
1143 938 1224 1003 1377
1249 942 1371 1002 domin.
1410 941 1521 1020 Ipost

118 1030 270 1108 epiphan.
304 1047 362 1108 per
394 1046 513 1090 manus
546 1029 687 1094 Martini
720 1031 761 1091 de
795 1029 912 1090 Tereia
945 1030 1022 1091 feria
1052 1031 1104 1089 vel
1127 1029 1168 1089 de
1192 1028 1315 1106 Wtery
1340 1079 1345 1089 .
1367 1076 1373 1089 .
1395 1079 1399 1088 .
1424 1026 1517 1106 Myly

118 1115 248 1195 knyeze
273 1133 368 1194 pross
392 1133 433 1178 za
455 1133 531 1195 mye
555 1117 672 1178 boha«
719 1116 830 1190 (Rubr.
844 1120 866 1191 :)
892 1116 1118 1194 »Hospodyne
1142 1121 1244 1176 wtwu
1275 1115 1430 1193 nadyegy
1453 1115 1521 1174 kla-

122 1208 214 1263 steru
237 1209 269 1264 to
292 1203 459 1282 obyetugy
483 1209 572 1281 totyz
596 1202 855 1270 Milewskemu.«

229 1306 249 1368 i.
273 1302 478 1368 3521)-355Ε
502 1306 686 1385 Registrum
710 1311 880 1385 utriusque
904 1313 1051 1367 catenae.

224 1412 377 1484 Operculis
401 1413 584 1484 adglutinata
606 1420 688 1469 crant
718 1414 879 1484 fragmenta
914 1415 1004 1468 chart.
1040 1412 1163 1480 codicis,
1198 1428 1257 1483 quo
1292 1411 1520 1467 continebantur

116 1498 198 1556 Acta
222 1498 389 1556 iudiciaria
411 1501 552 1571 episcop.
577 1499 667 1571 Prag.
693 1515 775 1558 saec.
802 1497 887 1569 XIV,
918 1515 993 1571 quae
1023 1514 1102 1554 nunc
1132 1500 1288 1570 separatim
1323 1503 1519 1554 asservantur.

116 1585 226 1643 Iisdem
250 1588 287 1642 ad
310 1590 522 1643 numerandum
546 1603 610 1643 esse
633 1594 704 1658 puto
729 1587 776 1644 iol.
803 1588 921 1645 membr.
946 1587 1086 1657 operculo
1110 1586 1192 1643 inter.
1217 1587 1391 1656 adligatum.
1416 1584 1518 1656 Super.

116 1674 258 1744 operculo
283 1675 442 1744 adligatum
465 1680 510 1729 est
533 1675 726 1744 fragmentum
762 1675 922 1730 litterarum
956 1675 1139 1743 quarundam
1174 1673 1294 1743 capituli
1330 1672 1519 1743 episcopatus

115 1759 272 1830 Pragensis
295 1764 429 1816 datarum
453 1777 478 1818 a.
508 1761 587 1816 1325
613 1763 671 1823 (ed.
696 1759 802 1831 Tadra,
827 1758 942 1816 Soudni
966 1760 1035 1814 alrta
1058 1758 1122 1828 Vll,
1147 1760 1233 1830 217).

222 1944 305 2027 886
559 1944 597 2022 V.
625 1947 673 2022 D.
701 1946 763 2020 18.
791 1962 836 2024 <x
855 1961 876 2012 1.
894 1963 958 2013 aa.
974 1961 1043 2025 ror.)

115 2087 228 2148 chart.
249 2103 336 2149 saec.
366 2085 453 2148 XIV
472 2103 520 2146 ar.
543 2085 580 2167 ff.
604 2087 670 2148 193
691 2103 783 2146 utrm.
806 2084 884 2146 305
896 2083 986 2162 ><21
993 2083 1025 2144 ’5
1045 2101 1108 2146 cm.
1132 2083 1150 2144 1
1177 2101 1221 2144 m.

227 2207 247 2268 i.
276 2206 412 2268 1·-26ει
434 2206 577 2269 Eusebii
599 2206 770 2285 Pamphili
792 2206 897 2268 Liber
920 2207 962 2267 de
985 2206 1056 2268 situ
1079 2210 1114 2266 et
1137 2205 1337 2267 nominibus
1359 2203 1519 2267 locorum

115 2294 361 2356 hebraicorum
385 2311 413 2355 s.
435 2294 650 2372 Hieronymo
675 2294 875 2372 interprete.
917 2293 1110 2366 »Eusebius
1154 2297 1208 2370 qui
1232 2293 1303 2354 ab.
1329 2291 1515 2370 Pamphilo«

116 2384 149 2438 ><.
179 2379 379 2442 ›Zorobabel
402 2385 472 2460 ipse
497 2385 652 2460 magister
673 2379 884 2459 Babylonis«

222 2485 242 2547 i.
267 2485 425 2546 26·-3’1”ι
451 2484 629 2564 »Incipiunt
652 2485 905 2546 Ermeneumata
927 2489 945 2544 i.
971 2501 998 2544 e.
1024 2483 1309 2562 interpretamenta
1334 2483 1517 2544 secundum

114 2589 248 2650 grecam
272 2573 531 2651 ethimologiam«
558 2573 598 2650 (s
623 2571 813 2651 Hieronymi
825 2569 858 2648 i).
884 2570 978 2649 Opus
1003 2587 1156 2630 mancum
1182 2571 1337 2630 desinens
1362 2571 1403 2631 lit.
1427 2567 1466 2635 N.

226 2674 245 2736 i.
270 2674 453 2737 ase-163¹>
478 2675 699 2738 Glossarium
721 2675 879 2746 latinum,
917 2674 1130 2750 hebraicum,
1153 2690 1323 2751 graecum.
1370 2673 1418 2746 (ln
1453 2673 1518 2734 fine

115 2768 241 2840 primae
265 2767 364 2841 partis
387 2761 407 2824 i.
433 2761 490 2824 tib
514 2764 595 2824 haec
619 2763 745 2823 rubrica
769 2768 835 2824 est:
864 2761 1021 2841 »Explicit
1036 2765 1139 2840 prima
1155 2778 1230 2838 pars
1254 2763 1419 2838 glosarum
1445 2777 1465 2820 a
1488 2761 1518 2822 b.

114 2849 262 2910 Eusebio
285 2848 450 2910 Jeronimo
473 2851 646 2929 hebrayce,
669 2866 765 2928 grece
789 2856 821 2910 et
844 2851 938 2910 latine
963 2852 1147 2926 composita
1177 2853 1208 2907 et
1231 2851 1426 2926 exposita«).
1469 2848 1516 2906 »A

113 2937 219 2997 littera
240 2939 273 2997 in
297 2937 451 2997 omnibus
474 2937 627 3016 gentibus
651 2936 724 2996 ideo
748 2940 868 3013 prima«
903 2937 935 2992 ><
974 2933 1092 2995 »Zoisti
1128 2937 1381 3012 interpretator«
1431 2932 1515 3002 (Hoc

113 3039 202 3101 opus
225 3027 257 3082 in
281 3022 354 3083 cod.
379 3023 597 3102 Amploniano
621 3022 688 3082 Fol.
712 3022 754 3082 56
778 3024 960 3084 attribuitur
983 3039 1010 3082 a.
1034 3021 1311 3096 Bonaventurae.)

225 3126 244 3188 i.
273 3125 475 3188 ihil-193t
499 3127 598 3190 Sexti
621 3125 716 3187 Festi
739 3125 898 3203 Pompeii
920 3125 1024 3187 Liber
1046 3125 1088 3185 de
1112 3124 1308 3202 priscorum
1330 3125 1518 3186 verborum

112 3211 370 3292 significatione
393 3230 415 3275 a
435 3213 544 3276 Paulo
574 3213 804 3275 abbreviatus.
839 3212 973 3273 »Divine
1008 3214 1160 3290 largitatis
1195 3227 1355 3272 munere.
1376 3262 1381 3271 .
1402 3259 1408 3272 .
1429 3210 1516 3272 dom.

112 3305 182 3378 regi
205 3299 350 3362 Karoto,
386 3300 532 3362 ,Paulus
555 3301 688 3360 ultimus
711 3301 880 3360 servulus«
907 3301 940 3358 ><
967 3300 1135 3377 »palatina
1171 3300 1344 3376 exquilina,
1369 3298 1514 3358 collina«

219 3405 252 3461 In
276 3407 325 3464 lol.
349 3406 510 3478 praeligato
534 3409 628 3463 codex
650 3409 694 3462 sic
716 3407 896 3461 intitulatur:
923 3405 1204 3476 »Interpretaciones
1228 3405 1441 3460 vocabulorum
1464 3403 1516 3459 Ju-

112 3496 266 3550 daicorum
290 3493 448 3550 Grecorum
471 3494 630 3549 latinorum
653 3493 833 3550 Ytalicorum
858 3499 885 3548 et
908 3499 1061 3564 poetarum
1084 3499 1111 3546 et
1134 3491 1370 3562 significaciones
1403 3493 1431 3547 b.
1470 3490 1515 3546 Je-

112 3581 251 3637 roniml.«
278 3579 370 3636 Vetus
394 3583 468 3652 sign.
493 3580 528 3648 A,
558 3581 605 3636 12.
683 3617 688 3628 .

220 3748 302 3830 887
582 3747 619 3822 V.
647 3749 695 3824 D.
724 3748 784 3822 19.
810 3763 854 3827 (x.
873 3763 894 3814 r.
912 3766 937 3815 a.
956 3779 982 3814 n.
1003 3765 1070 3826 107.)

109 3889 223 3951 chart.
245 3906 333 3950 saec.
355 3886 425 3949 XV
434 3883 477 3970 ff
501 3887 567 3950 313
588 3905 693 3961 num,
715 3885 857 3948 30><20
879 3904 941 3947 cm.
967 3887 997 3948 d.
1024 3905 1068 3947 m.

219 4010 239 4070 i.
267 4005 403 4071 12—80b
426 4008 560 4071 Nicolai
584 4007 626 4069 de
648 4007 729 4069 Lira
750 4005 896 4069 Postilla
915 4023 1020 4085 super
1035 4007 1145 4069 Actus
1161 4006 1412 4084 apostolorum.
1440 4006 1517 4068 »Re-

113 4100 191 4176 pleti
215 4101 293 4158 sunt
314 4113 432 4157 omnes
456 4099 569 4174 spin'tu
593 4100 726 4156 sancto«
755 4097 787 4151 ><
814 4099 983 4154 »transiret
1005 4093 1048 4154 ad
1071 4096 1218 4171 gloriam.
1243 4094 1285 4154 ad
1310 4110 1430 4172 quam«
1456 4101 1515 4155 etc.

115 4183 232 4262 ›Expl
257 4184 385 4261 postilla
408 4180 444 4243 lr.
468 4180 507 4244 N.
532 4183 562 4245 d.
588 4181 621 4242 L.
647 4199 674 4242 S.
698 4181 736 4241 A.
761 4199 810 4241 a«

219 4287 239 4347 l.
264 4283 449 4349 Sol-100⁸
471 4285 638 4347 Eiusdem
661 4283 829 4364 Quaestio
845 4285 887 4347 de
902 4283 1106 4363 probatione
1130 4301 1192 4361 per
1214 4283 1406 4362 scripturas
1423 4283 1518 4346 aJu·

110 4371 211 4435 daeis
235 4379 404 4451 receptas,
428 4375 520 4450 quod
545 4372 750 4452 mysterium
775 4370 910 4433 Christi
932 4369 1150 4448 praedictum
1172 4370 1291 4449 alege
1314 4377 1349 4432 et
1370 4374 1518 4450 prophe·

109 4459 159 4521 tis
185 4459 234 4521 sit
257 4459 448 4538 impletum.
477 4459 646 4538 »Queritur
668 4463 775 4519 utrum
801 4475 858 4536 per
874 4463 1072 4536 scripturas«
1097 4459 1130 4514 ><
1156 4458 1216 4518 »ad
1233 4461 1391 4518 vomitum
1412 4474 1518 4519 rever-

110 4553 255 4609 tuntum

224 4649 244 4711 i.
273 4645 475 4711 1012-313b
499 4647 779 4712 Commentarius
810 4648 846 4710 in
881 4649 1129 4728 Apocalypsin.
1179 4649 1404 4727 ›Apocalipsis
1438 4648 1518 4709 Jesu

110 4737 244 4811 Christi,
268 4752 367 4817 quam
391 4736 505 4798 dedit.
525 4784 532 4799 .
552 4731 662 4800 ‚Nota
684 4735 726 4796 ad
750 4737 945 4797 intellectum
970 4737 1056 4797 libri«
1084 4737 1116 4792 ><
1143 4735 1300 4814 »Explicit
1322 4737 1416 4814 glosa
1431 4736 1518 4814 Apo-

111 4827 251 4903 kalipsis
274 4824 365 4884 linita
387 4827 418 4885 in
443 4822 494 4884 die
519 4841 545 4884 S.
571 4822 685 4883 Felicis
713 4826 745 4883 et
766 4823 891 4883 Aucti«

219 4930 250 4986 ln
275 4929 413 5000 operculo
438 4945 534 5001 super.
559 4929 736 4986 intrinsecus
761 4931 833 4985 haec
857 4938 927 4986 nota
950 4939 1010 4986 est:
1048 4930 1159 4985 »istum
1192 4931 1298 4986 librum
1331 4931 1413 4984 dedit
1435 4929 1515 4986 dom.

110 5018 263 5080 Dorothea
286 5018 468 5086 smigmatrix
492 5019 528 5072 ad
552 5016 700 5071 librariam
723 5015 833 5073 Mathis
858 5019 893 5072 de
917 5016 1148 5089 Chiumpczan.«
1183 5018 1276 5073 Vetus
1307 5015 1382 5086 sign.
1409 5014 1441 5086 C,
1470 5016 1518 5072 12.

794 5237 845 5288 363
