3844 5968
838 571 902 631 416

185 781 188 787 ’
276 773 298 835 i.
324 772 525 836 ibit-152b
550 774 733 854 Registrum
757 794 892 856 operum
915 778 1179 857 praecedentium
1203 782 1251 840 sic
1274 773 1449 857 incipiens:
1489 778 1571 839 »iste

171 860 260 933 liber,
284 865 379 922 cuius
402 863 513 923 titulus
537 868 589 923 est
612 859 750 924 Summa
773 865 967 926 naturalium
992 866 1101 943 plures
1124 869 1156 926 in
1174 881 1210 925 se
1227 866 1326 926 libros
1342 870 1486 927 continet
1500 883 1571 945 par-

170 947 288 1006 ciales..
304 948 337 1009 ln
360 947 371 1008 l
392 949 550 1010 ‘tractatur
571 950 614 1009 de
639 951 787 1024 metallis,
821 955 853 1012 in
877 949 901 1010 ll
925 951 965 1010 de
990 952 1108 1029 plantis
1139 957 1170 1012 et
1192 951 1373 1025 arboribus,
1413 956 1445 1012 in
1468 951 1506 1015 lli
1530 953 1571 1014 de

170 1033 288 1093 avibus
312 1040 344 1094 et
367 1035 524 1113 piscibus
548 1039 581 1097 in
607 1034 648 1096 lV
672 1037 713 1098 de
736 1038 930 1099 animalibus
954 1044 1046 1109 terre,
1070 1039 1184 1098 bestiis
1208 1045 1239 1099 et
1273 1039 1438 1116 reptilibus
1473 1045 1571 1118 atque

169 1123 335 1194 iumentis,
359 1125 391 1181 in
414 1119 444 1180 V
467 1122 508 1182 de
532 1123 666 1184 homine
690 1127 816 1184 eteius
839 1124 994 1202 partibus,
1019 1127 1050 1185 in
1073 1122 1115 1187 VI
1139 1124 1180 1184 de
1196 1126 1379 1186 visionibus
1401 1129 1570 1204 ymagina-

170 1209 225 1266 riis
250 1217 282 1266 et
304 1212 475 1287 sompniis,
499 1212 531 1269 in
557 1207 611 1270 VII
636 1209 677 1269 de
702 1211 800 1271 rebus
823 1209 1042 1272 artificialibus
1066 1217 1098 1271 et
1120 1213 1185 1272 viia
1221 1215 1327 1272 activa
1361 1217 1394 1272 et
1427 1219 1574 1273 contem·

170 1294 300 1369 plaliva,
324 1298 357 1354 in
379 1291 448 1355 VIII
471 1294 512 1355 de
535 1295 635 1356 rebus
659 1296 822 1358 humanis.
849 1295 925 1357 Post
948 1301 1095 1375 sequitur
1117 1296 1242 1359 Lumen
1266 1301 1373 1358 anime
1396 1304 1571 1376 excerptus

168 1383 248 1453 (sic)
271 1379 312 1439 de
336 1381 416 1442 libro
439 1382 629 1443 animalium
654 1386 785 1444 maioris
809 1383 931 1444 domini
954 1384 1075 1445 Alberti
1097 1387 1184 1459 (sic).
1221 1383 1345 1445 Deinde
1370 1387 1569 1462 registrum«

168 1464 269 1536 (Cum
293 1467 363 1527 libri
387 1471 586 1546 posteriores
610 1473 681 1530 suis
706 1470 969 1549 inscriptionibus
992 1478 1133 1542 careant,
1158 1475 1281 1545 nescio,
1302 1488 1344 1531 an
1361 1487 1456 1550 opus
1481 1472 1570 1550 quod

170 1550 297 1614 Lumen
321 1557 450 1615 animae
475 1554 599 1630 dicitur,
624 1573 691 1616 non
714 1561 799 1617 recte
824 1560 1046 1624 seiunxerim.i

276 1639 297 1699 i.
326 1636 526 1701 1532-15412
561 1641 732 1720 Expositio
774 1647 964 1722 systematis
1008 1643 1173 1704 decimalis
1216 1660 1425 1705 numerorum
1468 1645 1572 1704 arabi·

168 1741 295 1786 corum.

276 1830 430 1903 Operculis
452 1833 581 1905 adligata
605 1843 673 1892 sunt
697 1835 857 1906 fragmenta
880 1811 1039 1896 membran.
1072 1838 1226 1892 cuiusdam
1250 1839 1361 1893 codicis
1397 1853 1475 1895 saec.
1500 1836 1569 1892 XIV

168 1934 283 1988 argum.
307 1920 514 1991 philosophici.

276 2085 355 2168 414
625 2085 696 2166 III.
726 2089 771 2166 B.
797 2092 833 2166 5.
861 2107 905 2171 (r.
926 2108 962 2158 ιι,
980 2108 1004 2158 2.
1024 2123 1049 2157 n.
1068 2108 1121 2172 aa.)

167 2224 280 2290 chart.
302 2245 389 2291 saec.
412 2227 482 2290 XV
491 2228 541 2308 ff.
565 2230 640 2305 155,
662 2230 806 2293 31)(22
828 2249 891 2293 cm.
915 2232 937 2293 2
959 2249 1004 2292 m.
1028 2247 1107 2292 curn
1129 2230 1199 2292 inii.
1221 2231 1328 2311 pictis

274 2347 449 2412 Iohannis
471 2350 598 2414 Wiclii
616 2368 732 2429 opera,
756 2368 839 2432 quae
864 2357 1060 2431 sequuntur:

275 2435 296 2496 i.
325 2435 421 2496 1-8·
442 2437 543 2499 index
567 2444 724 2500 tractatus
748 2439 789 2499 de
812 2443 945 2500 veritate
968 2445 999 2499 et
1022 2455 1125 2500 sensu
1148 2455 1262 2499 sacrae
1286 2443 1474 2518 scripturae.

275 2521 296 2584 i.
321 2522 436 2584 3⁸-5·
457 2527 615 2600 (anepigr.)
638 2524 689 2588 De
712 2525 915 2603 quaestione
946 2542 1009 2604 pro
1039 2524 1215 2587 thesauris
1250 2523 1451 2589 retinendis.
1486 2525 1570 2587 »Du-

167 2612 259 2672 bium
283 2617 343 2681 est,
367 2617 474 2672 utrum
498 2627 634 2690 regnum
656 2613 789 2690 Anglie«
815 2614 848 2670 ><
874 2617 981 2691 »regni
1005 2612 1160 2691 impediat
1181 2615 1213 2672 in
1237 2611 1411 2673 loturum«

275 2713 296 2774 i.
320 2713 437 2774 52-72
461 2717 621 2790 (anepigr.)
643 2714 694 2778 De
717 2716 1008 2778 condemnatione
1034 2715 1073 2777 19
1096 2715 1371 2778 conclusionum.
1399 2714 1502 2778 »Cum
1520 2731 1570 2776 se-

167 2801 317 2862 cundum
341 2805 527 2880 apostolum
551 2801 650 2863 Hebr.
674 2801 718 2862 ll·
745 2804 777 2859 ><
802 2807 854 2864 »in
878 2803 1066 2881 evangelica
1090 2809 1295 2880 pauperate·.

275 2905 298 2966 i.
322 2901 483 2966 72—155b
506 2905 681 2967 Tractatus
705 2907 746 2968 de
768 2907 916 2969 veritate
939 2922 1059 2969 sacrae
1081 2903 1275 2984 scripturae
1298 2911 1330 2968 in
1353 2905 1390 2967 31
1418 2923 1489 2985 cap.
1526 2907 1574 2967 di-

166 2997 263 3052 visus
287 2991 344 3071 (·.-.
357 2992 521 3055 Summae
544 2993 741 3071 theologiae
764 2993 822 3054 lib.
845 2991 978 3070 Vltus).
1004 2992 1136 3054 »Restat
1159 3009 1334 3072 parumper·
1350 2993 1512 3054 discutere
1525 3012 1573 3054 er-

167 3095 286 3140 rores‹-
306 3081 339 3138 ><
364 3095 531 3158 »propono
556 3079 706 3141 diffusius
730 3085 931 3159 pertractare.
955 3080 1093 3158 Rrplicit
1116 3085 1152 3140 tr.
1176 3079 1217 3140 de
1240 3097 1308 3141 ver.
1331 3098 1357 3141 s.
1383 3095 1430 3140 ss

275 3185 323 3256 (In
344 3189 559 3242 constituendis
582 3189 675 3243 titulis
700 3193 829 3258 anepigr.
852 3203 925 3242 usus
949 3201 1117 3258 sumopere
1146 3185 1326 3246 Wiclilslat.
1343 3186 1570 3244 Strcitschrilten

166 3275 229 3329 her.
254 3289 282 3332 v.
298 3272 331 3336 R.
355 3272 550 3345 Buddensieg‚
575 3273 691 3346 Leipzig
718 3274 809 3344 1883,
832 3273 962 3345 inprael.
986 3291 1013 3345 p.
1031 3269 1131 3343 LXIX,
1149 3271 1277 3341 LXXXI,
1295 3271 1452 3344 LXXXII.)
1476 3271 1569 3329 Vetus

166 3361 248 3430 sign.
273 3357 309 3429 Ο,
334 3360 351 3415 3
376 3355 425 3436 (i).

275 3526 352 3607 415
621 3527 693 3604 ΙΙΙ.
721 3527 765 3604 Β.
793 3529 828 3603 6.
857 3543 964 3611 (ltili.
977 3545 1001 3597 2.
1020 3559 1046 3597 a.
1063 3547 1118 3610 30.)

166 3669 278 3731 chart.
301 3685 391 3730 saec.
413 3666 500 3730 XIV
509 3667 554 3750 ff.
577 3668 652 3740 188,
675 3668 819 3731 30><22
841 3687 915 3740 cm.,
939 3669 961 3730 2
983 3687 1028 3731 m.

245 3789 462 3892 'Sermones
485 3789 713 3852 dominicales
736 3806 757 3851 a
778 3789 870 3853 sesto
894 3789 1163 3853 resurrectionis
1187 3806 1298 3867 usque
1321 3790 1365 3851 ad
1379 3790 1570 3852 adventum

166 3877 356 4024 &megala
384 3965 527 4025 »Aleluia
551 3963 629 4024 dicit
651 3960 845 4042 Gregorius:
880 3962 943 4042 Qui
966 3963 1008 4024 ad
1031 3979 1106 4024 vere
1131 3963 1366 4042 predicacionis
1388 3962 1507 4022 verba«
1534 3963 1567 4019 ><

166 4051 187 4113 i.
218 4049 297 4112 188·
323 4065 545 4130 »suspensum
568 4054 679 4111 teneat
700 4054 935 4112 ammirantem.
971 4049 1068 4129 Quod
1091 4050 1206 4111 nobis«
1232 4055 1292 4110 etc.

276 4156 369 4214 Vetus
392 4161 469 4228 sign.
496 4156 531 4226 Ο,
557 4157 608 4215 31.

274 4324 349 4407 416
622 4323 695 4403 III.
722 4323 766 4400 B.
797 4325 829 4400 7.
848 4339 957 4410 (niu.
972 4341 997 4395 2.
1017 4355 1042 4390 n.
1060 4341 1116 4425 ar.)

166 4466 279 4530 chart.
302 4482 391 4529 saec.
411 4463 608 4528 XIV-XV
614 4464 663 4547 ff.
685 4464 750 4528 118
771 4483 876 4542 num„
896 4464 1039 4528 30><22
1061 4481 1136 4539 cm.,
1158 4463 1176 4526 1
1202 4479 1247 4524 m.

208 4673 256 4736 ali
273 4585 453 4651 wilhelmi
473 4584 685 4648 Parieiensis
714 4585 874 4648 Secunda
904 4602 987 4663 pars
1020 4589 1192 4647 tractatus
1214 4583 1257 4646 de
1278 4583 1447 4646 universo
1469 4583 1568 4661 spiri·

164 4682 206 4737 tu

274 4760 295 4822 i.
324 4763 356 4822 1⁸
383 4759 515 4839 »Incipit
537 4760 686 4820 secunda
709 4761 878 4837 (particule
900 4759 998 4820 huius
1020 4763 1114 4820 vocis
1137 4759 1252 4819 evulsa
1274 4760 1339 4832 est)
1362 4773 1438 4835 pars
1454 4763 1569 4818 tracta-

167 4856 222 4910 tus
246 4848 287 4908 de
311 4851 466 4909 universo
490 4847 656 4925 spirituali.
681 4843 828 4907 Honoret
851 4851 881 4906 te
904 4845 999 4918 deus
1033 4847 1191 4924 quoniam
1223 4849 1256 4905 et
1289 4848 1324 4904 tu
1357 4847 1465 4922 Ipsum
1500 4861 1567 4906 non

167 4951 284 5015 parum
308 4934 549 5012 acceptabiliter
571 4933 735 4995 honoras·
761 4933 794 4990 ><
817 4931 838 4993 l.
865 4926 942 4993 118⁵
968 4931 1047 4992 »sed
1082 4933 1185 4993 solius
1208 4934 1441 5009 omnipotentis
1465 4935 1497 4991 et
1519 4931 1566 4992 di-

166 5025 241 5082 vine
266 5024 393 5082 virtutis
416 5020 585 5081 mirandus
610 5017 746 5081 effectus
770 5022 924 5098 sequitur.
947 5017 1019 5080 Iam
1051 5034 1128 5097 ergo
1163 5032 1360 5095 responsum
1394 5023 1447 5078 est
1480 5017 1565 5079 tibi«

208 5227 365 5288 inmittit:
388 5241 431 5287 Cat
445 5241 499 5286 cod.
516 5241 555 5285 lat.
841 5241 887 5292 161
1407 5239 1431 5282 Il
