<?xml version="1.0" encoding="UTF-8"?>
<!DOCTYPE html PUBLIC "-//W3C//DTD XHTML 1.0 Transitional//EN"
    "http://www.w3.org/TR/xhtml1/DTD/xhtml1-transitional.dtd">
<html xmlns="http://www.w3.org/1999/xhtml" xml:lang="en" lang="en">
 <head>
  <title>
</title>
<meta http-equiv="Content-Type" content="text/html;charset=utf-8" />
  <meta name='ocr-system' content='tesseract 3.04.00' />
  <meta name='ocr-capabilities' content='ocr_page ocr_carea ocr_par ocr_line ocrx_word'/>
</head>
<body>
  <div class='ocr_page' id='page_1' title='image "./cataloguscodicu03truhgoog_0019.png"; bbox 0 0 3890 5970; ppageno 0'>
   <div class='ocr_carea' id='block_1_1' title="bbox 1510 560 1567 613">
    <p class='ocr_par' dir='ltr' id='par_1_1' title="bbox 1510 560 1567 613">
     <span class='ocr_line' id='line_1_1' title="bbox 1510 560 1567 613; baseline -0.035 -1"><span class='ocrx_word' id='word_1_1' title='bbox 1510 560 1567 613; x_wconf 85' lang='lat' dir='ltr'>Xlll</span> 
     </span>
    </p>
   </div>
   <div class='ocr_carea' id='block_1_2' title="bbox 157 765 1566 4197">
    <p class='ocr_par' dir='ltr' id='par_1_2' title="bbox 157 765 1566 2203">
     <span class='ocr_line' id='line_1_2' title="bbox 157 765 1564 851; baseline -0.001 -15"><span class='ocrx_word' id='word_1_2' title='bbox 157 791 267 836; x_wconf 89' lang='lat' dir='ltr'>rarum</span> <span class='ocrx_word' id='word_1_3' title='bbox 281 773 389 835; x_wconf 91' lang='lat' dir='ltr'>studia</span> <span class='ocrx_word' id='word_1_4' title='bbox 402 773 552 834; x_wconf 76' lang='lat' dir='ltr'>floruisse</span> <span class='ocrx_word' id='word_1_5' title='bbox 567 765 826 851; x_wconf 71' lang='lat' dir='ltr'>perhibentur.²⁸)</span> <span class='ocrx_word' id='word_1_6' title='bbox 841 771 876 833; x_wconf 95' lang='lat' dir='ltr'>ln</span> <span class='ocrx_word' id='word_1_7' title='bbox 889 771 1002 832; x_wconf 90' lang='lat' dir='ltr'>codice</span> <span class='ocrx_word' id='word_1_8' title='bbox 1015 776 1128 832; x_wconf 90' lang='lat' dir='ltr'>nostro</span> <span class='ocrx_word' id='word_1_9' title='bbox 1141 769 1226 832; x_wconf 86' lang='lat'>2625</span> <span class='ocrx_word' id='word_1_10' title='bbox 1242 769 1262 831; x_wconf 86' lang='lat' dir='ltr'>l.</span> <span class='ocrx_word' id='word_1_11' title='bbox 1291 765 1444 833; x_wconf 55' lang='grc' dir='ltr'>151---18ὴ</span> <span class='ocrx_word' id='word_1_12' title='bbox 1468 777 1564 834; x_wconf 90' lang='lat' dir='ltr'>etiam</span> 
     </span>
     <span class='ocr_line' id='line_1_3' title="bbox 158 873 1565 956; baseline -0.002 -16"><span class='ocrx_word' id='word_1_13' title='bbox 158 875 407 956; x_wconf 86' lang='lat' dir='ltr'>antiquissimus</span> <span class='ocrx_word' id='word_1_14' title='bbox 431 877 579 939; x_wconf 90' lang='lat' dir='ltr'>eiusdem</span> <span class='ocrx_word' id='word_1_15' title='bbox 612 879 799 937; x_wconf 83' lang='lat' dir='ltr'>monaslen&#39;i</span> <span class='ocrx_word' id='word_1_16' title='bbox 834 876 1003 953; x_wconf 91' lang='lat' dir='ltr'>catalogus</span> <span class='ocrx_word' id='word_1_17' title='bbox 1034 874 1187 936; x_wconf 87' lang='lat' dir='ltr'>librorum</span> <span class='ocrx_word' id='word_1_18' title='bbox 1218 890 1306 938; x_wconf 85' lang='lat' dir='ltr'>saec.</span> <span class='ocrx_word' id='word_1_19' title='bbox 1329 873 1402 936; x_wconf 92' lang='lat' dir='ltr'>XIV</span> <span class='ocrx_word' id='word_1_20' title='bbox 1425 883 1565 940; x_wconf 89' lang='lat' dir='ltr'>exeunte</span> 
     </span>
     <span class='ocr_line' id='line_1_4' title="bbox 157 977 1565 1060; baseline -0.001 -18"><span class='ocrx_word' id='word_1_21' title='bbox 157 983 354 1060; x_wconf 89' lang='lat' dir='ltr'>compilatus</span> <span class='ocrx_word' id='word_1_22' title='bbox 377 985 525 1043; x_wconf 88' lang='lat' dir='ltr'>occurrit.</span> <span class='ocrx_word' id='word_1_23' title='bbox 551 979 713 1045; x_wconf 87' lang='lat' dir='ltr'>Codicum</span> <span class='ocrx_word' id='word_1_24' title='bbox 736 983 860 1040; x_wconf 84' lang='lat' dir='ltr'><strong>circiter</strong></span> <span class='ocrx_word' id='word_1_25' title='bbox 886 977 946 1040; x_wconf 88' lang='lat'>180</span> <span class='ocrx_word' id='word_1_26' title='bbox 962 978 1068 1040; x_wconf 89' lang='lat' dir='ltr'>eidem</span> <span class='ocrx_word' id='word_1_27' title='bbox 1085 981 1312 1056; x_wconf 87' lang='lat' dir='ltr'>inscriptorum</span> <span class='ocrx_word' id='word_1_28' title='bbox 1329 983 1473 1042; x_wconf 90' lang='lat' dir='ltr'>maxima</span> <span class='ocrx_word' id='word_1_29' title='bbox 1489 997 1565 1059; x_wconf 88' lang='lat' dir='ltr'>pars</span> 
     </span>
     <span class='ocr_line' id='line_1_5' title="bbox 159 1077 1566 1163; baseline -0.002 -15"><span class='ocrx_word' id='word_1_30' title='bbox 159 1102 248 1148; x_wconf 91' lang='lat' dir='ltr'>nunc</span> <span class='ocrx_word' id='word_1_31' title='bbox 271 1085 359 1163; x_wconf 90' lang='lat' dir='ltr'>apud</span> <span class='ocrx_word' id='word_1_32' title='bbox 381 1102 445 1146; x_wconf 91' lang='lat' dir='ltr'>nos</span> <span class='ocrx_word' id='word_1_33' title='bbox 468 1090 585 1148; x_wconf 88' lang='lat' dir='ltr'>exstat.</span> <span class='ocrx_word' id='word_1_34' title='bbox 632 1084 712 1145; x_wconf 89' lang='lat' dir='ltr'>Post</span> <span class='ocrx_word' id='word_1_35' title='bbox 733 1087 967 1146; x_wconf 87' lang='lat' dir='ltr'>monasterium</span> <span class='ocrx_word' id='word_1_36' title='bbox 990 1077 1204 1144; x_wconf 80' lang='lat' dir='ltr'>Tiebonense</span> <span class='ocrx_word' id='word_1_37' title='bbox 1236 1084 1388 1160; x_wconf 88' lang='lat' dir='ltr'>singulari</span> <span class='ocrx_word' id='word_1_38' title='bbox 1422 1100 1566 1145; x_wconf 90' lang='lat' dir='ltr'>comme-</span> 
     </span>
     <span class='ocr_line' id='line_1_6' title="bbox 159 1183 1564 1268; baseline -0.001 -17"><span class='ocrx_word' id='word_1_39' title='bbox 159 1194 340 1252; x_wconf 82' lang='lat' dir='ltr'>moratione</span> <span class='ocrx_word' id='word_1_40' title='bbox 363 1190 496 1268; x_wconf 89' lang='lat' dir='ltr'>dignum</span> <span class='ocrx_word' id='word_1_41' title='bbox 522 1205 598 1250; x_wconf 92' lang='lat' dir='ltr'>esse</span> <span class='ocrx_word' id='word_1_42' title='bbox 621 1186 750 1249; x_wconf 92' lang='lat' dir='ltr'>videtur</span> <span class='ocrx_word' id='word_1_43' title='bbox 772 1189 1016 1249; x_wconf 88' lang='lat' dir='ltr'>celeberrimum</span> <span class='ocrx_word' id='word_1_44' title='bbox 1040 1186 1228 1248; x_wconf 88' lang='lat' dir='ltr'>monialium</span> <span class='ocrx_word' id='word_1_45' title='bbox 1252 1185 1320 1247; x_wconf 93' lang='lat' dir='ltr'>ord.</span> <span class='ocrx_word' id='word_1_46' title='bbox 1346 1183 1380 1250; x_wconf 85' lang='lat' dir='ltr'>S.</span> <span class='ocrx_word' id='word_1_47' title='bbox 1400 1185 1564 1250; x_wconf 86' lang='lat' dir='ltr'>Benedicti</span> 
     </span>
     <span class='ocr_line' id='line_1_7' title="bbox 157 1290 1564 1372; baseline -0.002 -17"><span class='ocrx_word' id='word_1_48' title='bbox 157 1295 356 1355; x_wconf 91' lang='lat' dir='ltr'>coenobium</span> <span class='ocrx_word' id='word_1_49' title='bbox 379 1292 422 1353; x_wconf 91' lang='lat' dir='ltr'>ad</span> <span class='ocrx_word' id='word_1_50' title='bbox 446 1290 478 1354; x_wconf 90' lang='lat' dir='ltr'>S.</span> <span class='ocrx_word' id='word_1_51' title='bbox 504 1291 679 1372; x_wconf 88' lang='lat' dir='ltr'>Georgium</span> <span class='ocrx_word' id='word_1_52' title='bbox 711 1295 745 1354; x_wconf 91' lang='lat' dir='ltr'>in</span> <span class='ocrx_word' id='word_1_53' title='bbox 776 1297 884 1352; x_wconf 90' lang='lat' dir='ltr'>castro</span> <span class='ocrx_word' id='word_1_54' title='bbox 916 1290 1080 1369; x_wconf 88' lang='lat' dir='ltr'>Pragensi,</span> <span class='ocrx_word' id='word_1_55' title='bbox 1119 1306 1160 1352; x_wconf 93' lang='lat' dir='ltr'>ex</span> <span class='ocrx_word' id='word_1_56' title='bbox 1184 1306 1250 1371; x_wconf 90' lang='lat' dir='ltr'>quo</span> <span class='ocrx_word' id='word_1_57' title='bbox 1285 1291 1374 1351; x_wconf 90' lang='lat' dir='ltr'>multi</span> <span class='ocrx_word' id='word_1_58' title='bbox 1409 1297 1440 1352; x_wconf 91' lang='lat' dir='ltr'>et</span> <span class='ocrx_word' id='word_1_59' title='bbox 1475 1308 1564 1369; x_wconf 92' lang='lat' dir='ltr'>prae·</span> 
     </span>
     <span class='ocr_line' id='line_1_8' title="bbox 160 1395 1563 1474; baseline 0.002 -16"><span class='ocrx_word' id='word_1_60' title='bbox 160 1402 288 1459; x_wconf 86' lang='lat' dir='ltr'>stantes</span> <span class='ocrx_word' id='word_1_61' title='bbox 305 1398 372 1458; x_wconf 92' lang='lat' dir='ltr'>libri</span> <span class='ocrx_word' id='word_1_62' title='bbox 396 1398 530 1474; x_wconf 86' lang='lat' dir='ltr'>liturgici</span> <span class='ocrx_word' id='word_1_63' title='bbox 551 1395 622 1471; x_wconf 80' lang='grc'><strong>(56)</strong></span> <span class='ocrx_word' id='word_1_64' title='bbox 646 1397 689 1457; x_wconf 91' lang='lat' dir='ltr'>ad</span> <span class='ocrx_word' id='word_1_65' title='bbox 712 1413 775 1458; x_wconf 89' lang='lat' dir='ltr'>nos</span> <span class='ocrx_word' id='word_1_66' title='bbox 798 1402 1031 1474; x_wconf 90' lang='lat' dir='ltr'>pervenerunt;</span> <span class='ocrx_word' id='word_1_67' title='bbox 1056 1399 1132 1456; x_wconf 91' lang='lat' dir='ltr'>item</span> <span class='ocrx_word' id='word_1_68' title='bbox 1146 1402 1339 1458; x_wconf 75' lang='lat' dir='ltr'>,conventus</span> <span class='ocrx_word' id='word_1_69' title='bbox 1359 1399 1563 1461; x_wconf 88' lang='lat' dir='ltr'>eremitarum</span> 
     </span>
     <span class='ocr_line' id='line_1_9' title="bbox 160 1497 1565 1578; baseline 0.001 -18"><span class='ocrx_word' id='word_1_70' title='bbox 160 1500 430 1562; x_wconf 87' lang='lat' dir='ltr'>discalceatorum</span> <span class='ocrx_word' id='word_1_71' title='bbox 454 1497 488 1563; x_wconf 90' lang='lat' dir='ltr'>S.</span> <span class='ocrx_word' id='word_1_72' title='bbox 512 1501 684 1578; x_wconf 84' lang='lat' dir='ltr'>Augustini</span> <span class='ocrx_word' id='word_1_73' title='bbox 707 1500 750 1562; x_wconf 88' lang='lat' dir='ltr'>ad</span> <span class='ocrx_word' id='word_1_74' title='bbox 774 1497 805 1562; x_wconf 90' lang='lat' dir='ltr'>S.</span> <span class='ocrx_word' id='word_1_75' title='bbox 831 1498 1078 1571; x_wconf 77' lang='lat' dir='ltr'>wenceslaum,</span> <span class='ocrx_word' id='word_1_76' title='bbox 1113 1503 1207 1560; x_wconf 92' lang='lat' dir='ltr'>cuius</span> <span class='ocrx_word' id='word_1_77' title='bbox 1235 1501 1384 1560; x_wconf 88' lang='lat' dir='ltr'>litteraria</span> <span class='ocrx_word' id='word_1_78' title='bbox 1417 1501 1565 1578; x_wconf 87' lang='lat' dir='ltr'>supellex</span> 
     </span>
     <span class='ocr_line' id='line_1_10' title="bbox 159 1598 1563 1685; baseline -0.002 -20"><span class='ocrx_word' id='word_1_79' title='bbox 159 1604 214 1677; x_wconf 87' lang='grc'>(37</span> <span class='ocrx_word' id='word_1_80' title='bbox 242 1607 329 1666; x_wconf 90' lang='lat' dir='ltr'>latini</span> <span class='ocrx_word' id='word_1_81' title='bbox 360 1603 508 1681; x_wconf 87' lang='lat' dir='ltr'>codices)</span> <span class='ocrx_word' id='word_1_82' title='bbox 541 1607 688 1685; x_wconf 88' lang='lat' dir='ltr'>inprimis</span> <span class='ocrx_word' id='word_1_83' title='bbox 722 1605 877 1665; x_wconf 84' lang='lat' dir='ltr'>historiae</span> <span class='ocrx_word' id='word_1_84' title='bbox 912 1607 1032 1682; x_wconf 83' lang='lat' dir='ltr'>patriae</span> <span class='ocrx_word' id='word_1_85' title='bbox 1069 1602 1228 1664; x_wconf 91' lang='lat' dir='ltr'>studiosis</span> <span class='ocrx_word' id='word_1_86' title='bbox 1265 1598 1563 1672; x_wconf 74' lang='lat' dir='ltr'>commendatur.²⁷r</span> 
     </span>
     <span class='ocr_line' id='line_1_11' title="bbox 160 1706 1564 1788; baseline -0.001 -18"><span class='ocrx_word' id='word_1_87' title='bbox 160 1707 235 1786; x_wconf 79' lang='lat' dir='ltr'>Quo</span> <span class='ocrx_word' id='word_1_88' title='bbox 259 1708 326 1770; x_wconf 88' lang='lat' dir='ltr'>fato</span> <span class='ocrx_word' id='word_1_89' title='bbox 348 1707 481 1769; x_wconf 89' lang='lat' dir='ltr'>codices</span> <span class='ocrx_word' id='word_1_90' title='bbox 504 1710 650 1770; x_wconf 90' lang='lat' dir='ltr'>nonnulli</span> <span class='ocrx_word' id='word_1_91' title='bbox 673 1708 718 1788; x_wconf 93' lang='lat' dir='ltr'>(in</span> <span class='ocrx_word' id='word_1_92' title='bbox 743 1707 866 1788; x_wconf 91' lang='lat' dir='ltr'>quibus</span> <span class='ocrx_word' id='word_1_93' title='bbox 889 1711 1162 1786; x_wconf 87' lang='lat' dir='ltr'>pretiosissimum</span> <span class='ocrx_word' id='word_1_94' title='bbox 1193 1709 1443 1785; x_wconf 87' lang='lat' dir='ltr'>evangeliarium</span> <span class='ocrx_word' id='word_1_95' title='bbox 1475 1706 1564 1787; x_wconf 92' lang='lat' dir='ltr'>quod</span> 
     </span>
     <span class='ocr_line' id='line_1_12' title="bbox 160 1807 1563 1890; baseline 0.001 -18"><span class='ocrx_word' id='word_1_96' title='bbox 160 1813 276 1874; x_wconf 91' lang='lat' dir='ltr'>dicitur</span> <span class='ocrx_word' id='word_1_97' title='bbox 292 1807 548 1890; x_wconf 74' lang='lat' dir='ltr'>Vysehradense</span> <span class='ocrx_word' id='word_1_98' title='bbox 567 1830 598 1875; x_wconf 90' lang='lat' dir='ltr'>n.</span> <span class='ocrx_word' id='word_1_99' title='bbox 623 1811 722 1887; x_wconf 86' lang='lat'>2426)</span> <span class='ocrx_word' id='word_1_100' title='bbox 745 1828 786 1872; x_wconf 95' lang='lat' dir='ltr'>ex</span> <span class='ocrx_word' id='word_1_101' title='bbox 807 1811 1001 1872; x_wconf 89' lang='lat' dir='ltr'>bibliotheca</span> <span class='ocrx_word' id='word_1_102' title='bbox 1021 1811 1184 1873; x_wconf 91' lang='lat' dir='ltr'>seminarii</span> <span class='ocrx_word' id='word_1_103' title='bbox 1204 1812 1345 1889; x_wconf 89' lang='lat' dir='ltr'>archiep.</span> <span class='ocrx_word' id='word_1_104' title='bbox 1362 1811 1463 1890; x_wconf 78' lang='lat' dir='ltr'>Prag,</span> <span class='ocrx_word' id='word_1_105' title='bbox 1487 1816 1563 1873; x_wconf 89' lang='lat' dir='ltr'>item</span> 
     </span>
     <span class='ocr_line' id='line_1_13' title="bbox 158 1913 1565 1991; baseline 0.001 -15"><span class='ocrx_word' id='word_1_106' title='bbox 158 1916 267 1978; x_wconf 88' lang='lat' dir='ltr'>codex</span> <span class='ocrx_word' id='word_1_107' title='bbox 290 1914 351 1977; x_wconf 90' lang='lat'>202</span> <span class='ocrx_word' id='word_1_108' title='bbox 376 1919 452 1977; x_wconf 92' lang='lat' dir='ltr'>olim</span> <span class='ocrx_word' id='word_1_109' title='bbox 476 1914 685 1991; x_wconf 77' lang='lat' dir='ltr'>BasileensiS,</span> <span class='ocrx_word' id='word_1_110' title='bbox 710 1920 786 1978; x_wconf 91' lang='lat' dir='ltr'>item</span> <span class='ocrx_word' id='word_1_111' title='bbox 811 1916 918 1977; x_wconf 89' lang='lat' dir='ltr'>codex</span> <span class='ocrx_word' id='word_1_112' title='bbox 949 1913 1030 1976; x_wconf 87' lang='lat'>1656</span> <span class='ocrx_word' id='word_1_113' title='bbox 1062 1931 1103 1975; x_wconf 89' lang='lat' dir='ltr'>ex</span> <span class='ocrx_word' id='word_1_114' title='bbox 1133 1915 1342 1977; x_wconf 90' lang='lat' dir='ltr'>celeberrima</span> <span class='ocrx_word' id='word_1_115' title='bbox 1371 1915 1565 1978; x_wconf 88' lang='lat' dir='ltr'>bibliotheca</span> 
     </span>
     <span class='ocr_line' id='line_1_14' title="bbox 159 2016 1563 2099; baseline 0 -17"><span class='ocrx_word' id='word_1_116' title='bbox 159 2019 302 2082; x_wconf 90' lang='lat' dir='ltr'>Corvina</span> <span class='ocrx_word' id='word_1_117' title='bbox 325 2018 486 2098; x_wconf 90' lang='lat' dir='ltr'>(eiusdem</span> <span class='ocrx_word' id='word_1_118' title='bbox 503 2020 670 2099; x_wconf 88' lang='lat' dir='ltr'>quondam</span> <span class='ocrx_word' id='word_1_119' title='bbox 695 2019 843 2081; x_wconf 90' lang='lat' dir='ltr'>codicem</span> <span class='ocrx_word' id='word_1_120' title='bbox 864 2017 945 2080; x_wconf 86' lang='grc'><strong>1655</strong></span> <span class='ocrx_word' id='word_1_121' title='bbox 961 2037 990 2080; x_wconf 90' lang='lat' dir='ltr'>a.</span> <span class='ocrx_word' id='word_1_122' title='bbox 1012 2016 1092 2080; x_wconf 88' lang='grc'><strong>1802</strong></span> <span class='ocrx_word' id='word_1_123' title='bbox 1108 2017 1192 2080; x_wconf 82' lang='lat' dir='ltr'>Fort.</span> <span class='ocrx_word' id='word_1_124' title='bbox 1211 2017 1333 2082; x_wconf 91' lang='lat' dir='ltr'>Durich</span> <span class='ocrx_word' id='word_1_125' title='bbox 1349 2018 1446 2082; x_wconf 90' lang='lat' dir='ltr'>nobis</span> <span class='ocrx_word' id='word_1_126' title='bbox 1464 2019 1563 2082; x_wconf 89' lang='lat' dir='ltr'>dona-</span> 
     </span>
     <span class='ocr_line' id='line_1_15' title="bbox 157 2122 1563 2203; baseline 0.001 -19"><span class='ocrx_word' id='word_1_127' title='bbox 157 2127 228 2202; x_wconf 88' lang='lat' dir='ltr'>vit),</span> <span class='ocrx_word' id='word_1_128' title='bbox 239 2128 272 2185; x_wconf 93' lang='lat' dir='ltr'>et</span> <span class='ocrx_word' id='word_1_129' title='bbox 283 2134 357 2185; x_wconf 86' lang='lat' dir='ltr'>octo</span> <span class='ocrx_word' id='word_1_130' title='bbox 370 2123 500 2186; x_wconf 91' lang='lat' dir='ltr'>codices</span> <span class='ocrx_word' id='word_1_131' title='bbox 514 2123 715 2186; x_wconf 90' lang='lat' dir='ltr'>diversarum</span> <span class='ocrx_word' id='word_1_132' title='bbox 732 2123 942 2184; x_wconf 85' lang='lat' dir='ltr'>ecclesiarum</span> <span class='ocrx_word' id='word_1_133' title='bbox 955 2122 1051 2183; x_wconf 90' lang='lat' dir='ltr'>nobis</span> <span class='ocrx_word' id='word_1_134' title='bbox 1064 2122 1243 2201; x_wconf 82' lang='lat' dir='ltr'>obtigerlnt‚</span> <span class='ocrx_word' id='word_1_135' title='bbox 1256 2124 1351 2203; x_wconf 90' lang='lat' dir='ltr'>plane</span> <span class='ocrx_word' id='word_1_136' title='bbox 1364 2129 1563 2202; x_wconf 76' lang='lat' dir='ltr'>ignoramus,</span> 
     </span>
    </p>

    <p class='ocr_par' dir='ltr' id='par_1_3' title="bbox 158 2225 1565 3136">
     <span class='ocr_line' id='line_1_16' title="bbox 245 2225 1564 2308; baseline -0.002 -18"><span class='ocrx_word' id='word_1_137' title='bbox 245 2225 280 2290; x_wconf 90' lang='lat' dir='ltr'>Si</span> <span class='ocrx_word' id='word_1_138' title='bbox 304 2228 414 2307; x_wconf 90' lang='lat' dir='ltr'>magni</span> <span class='ocrx_word' id='word_1_139' title='bbox 438 2228 589 2290; x_wconf 90' lang='lat' dir='ltr'>codicum</span> <span class='ocrx_word' id='word_1_140' title='bbox 613 2226 768 2301; x_wconf 88' lang='lat' dir='ltr'>thesauri,</span> <span class='ocrx_word' id='word_1_141' title='bbox 800 2243 897 2308; x_wconf 90' lang='lat' dir='ltr'>quem</span> <span class='ocrx_word' id='word_1_142' title='bbox 928 2226 1121 2289; x_wconf 89' lang='lat' dir='ltr'>bibliotheca</span> <span class='ocrx_word' id='word_1_143' title='bbox 1157 2232 1270 2290; x_wconf 84' lang='lat' dir='ltr'>nostra</span> <span class='ocrx_word' id='word_1_144' title='bbox 1292 2243 1310 2288; x_wconf 90' lang='lat' dir='ltr'>e</span> <span class='ocrx_word' id='word_1_145' title='bbox 1333 2227 1471 2289; x_wconf 91' lang='lat' dir='ltr'>diversis</span> <span class='ocrx_word' id='word_1_146' title='bbox 1495 2244 1564 2289; x_wconf 92' lang='lat' dir='ltr'>mo·</span> 
     </span>
     <span class='ocr_line' id='line_1_17' title="bbox 159 2329 1564 2410; baseline 0 -18"><span class='ocrx_word' id='word_1_147' title='bbox 159 2335 309 2394; x_wconf 87' lang='lat' dir='ltr'>nasleriis</span> <span class='ocrx_word' id='word_1_148' title='bbox 333 2337 365 2392; x_wconf 90' lang='lat' dir='ltr'>et</span> <span class='ocrx_word' id='word_1_149' title='bbox 387 2332 606 2393; x_wconf 88' lang='lat' dir='ltr'>intercedente</span> <span class='ocrx_word' id='word_1_150' title='bbox 630 2329 833 2394; x_wconf 89' lang='lat' dir='ltr'>Clementino</span> <span class='ocrx_word' id='word_1_151' title='bbox 857 2347 875 2390; x_wconf 94' lang='lat' dir='ltr'>e</span> <span class='ocrx_word' id='word_1_152' title='bbox 899 2333 1043 2410; x_wconf 89' lang='lat' dir='ltr'>pristinis</span> <span class='ocrx_word' id='word_1_153' title='bbox 1065 2331 1285 2393; x_wconf 83' lang='lat' dir='ltr'>universitatis</span> <span class='ocrx_word' id='word_1_154' title='bbox 1301 2330 1474 2410; x_wconf 88' lang='lat' dir='ltr'>Pragensis</span> <span class='ocrx_word' id='word_1_155' title='bbox 1498 2333 1564 2394; x_wconf 92' lang='lat' dir='ltr'>col·</span> 
     </span>
     <span class='ocr_line' id='line_1_18' title="bbox 159 2435 1563 2514; baseline 0 -18"><span class='ocrx_word' id='word_1_156' title='bbox 159 2437 252 2514; x_wconf 89' lang='lat' dir='ltr'>legiis</span> <span class='ocrx_word' id='word_1_157' title='bbox 276 2435 457 2502; x_wconf 82' lang='lat' dir='ltr'>obtinuerit.</span> <span class='ocrx_word' id='word_1_158' title='bbox 482 2439 639 2498; x_wconf 88' lang='lat' dir='ltr'>rationem</span> <span class='ocrx_word' id='word_1_159' title='bbox 663 2435 835 2508; x_wconf 89' lang='lat' dir='ltr'>habemus,</span> <span class='ocrx_word' id='word_1_160' title='bbox 859 2438 1094 2496; x_wconf 90' lang='lat' dir='ltr'>incrementum</span> <span class='ocrx_word' id='word_1_161' title='bbox 1118 2438 1189 2496; x_wconf 88' lang='lat' dir='ltr'>eius</span> <span class='ocrx_word' id='word_1_162' title='bbox 1213 2450 1230 2494; x_wconf 91' lang='lat' dir='ltr'>e</span> <span class='ocrx_word' id='word_1_163' title='bbox 1254 2436 1391 2513; x_wconf 90' lang='lat' dir='ltr'>singulis</span> <span class='ocrx_word' id='word_1_164' title='bbox 1416 2435 1563 2497; x_wconf 87' lang='lat' dir='ltr'>donatio-</span> 
     </span>
     <span class='ocr_line' id='line_1_19' title="bbox 160 2536 1565 2618; baseline 0 -17"><span class='ocrx_word' id='word_1_165' title='bbox 160 2541 259 2602; x_wconf 91' lang='lat' dir='ltr'>nibus</span> <span class='ocrx_word' id='word_1_166' title='bbox 283 2537 353 2618; x_wconf 88' lang='lat'>(85)</span> <span class='ocrx_word' id='word_1_167' title='bbox 375 2540 503 2600; x_wconf 88' lang='lat' dir='ltr'>videtur</span> <span class='ocrx_word' id='word_1_168' title='bbox 536 2555 612 2600; x_wconf 90' lang='lat' dir='ltr'>esse</span> <span class='ocrx_word' id='word_1_169' title='bbox 642 2542 807 2617; x_wconf 86' lang='lat' dir='ltr'>exiguum.</span> <span class='ocrx_word' id='word_1_170' title='bbox 832 2536 1011 2600; x_wconf 76' lang='lat' dir='ltr'>laudanda</span> <span class='ocrx_word' id='word_1_171' title='bbox 1045 2543 1154 2600; x_wconf 89' lang='lat' dir='ltr'>tamen</span> <span class='ocrx_word' id='word_1_172' title='bbox 1178 2543 1211 2600; x_wconf 93' lang='lat' dir='ltr'>et</span> <span class='ocrx_word' id='word_1_173' title='bbox 1232 2538 1453 2618; x_wconf 88' lang='lat' dir='ltr'>praedicanda</span> <span class='ocrx_word' id='word_1_174' title='bbox 1486 2546 1565 2601; x_wconf 91' lang='lat' dir='ltr'>sunt</span> 
     </span>
     <span class='ocr_line' id='line_1_20' title="bbox 159 2640 1563 2710; baseline 0.001 -6"><span class='ocrx_word' id='word_1_175' title='bbox 159 2643 242 2704; x_wconf 92' lang='lat' dir='ltr'>haec</span> <span class='ocrx_word' id='word_1_176' title='bbox 261 2642 366 2704; x_wconf 85' lang='lat' dir='ltr'>dona:</span> <span class='ocrx_word' id='word_1_177' title='bbox 382 2642 456 2704; x_wconf 94' lang='lat' dir='ltr'>cod.</span> <span class='ocrx_word' id='word_1_178' title='bbox 475 2641 534 2704; x_wconf 88' lang='lat'>113</span> <span class='ocrx_word' id='word_1_179' title='bbox 547 2640 711 2705; x_wconf 82' lang='lat' dir='ltr'>Francisci</span> <span class='ocrx_word' id='word_1_180' title='bbox 734 2657 820 2705; x_wconf 92' lang='lat' dir='ltr'>com.</span> <span class='ocrx_word' id='word_1_181' title='bbox 844 2642 884 2703; x_wconf 93' lang='lat' dir='ltr'>de</span> <span class='ocrx_word' id='word_1_182' title='bbox 908 2641 1072 2710; x_wconf 77' lang='lat' dir='ltr'>Kolovrat</span> <span class='ocrx_word' id='word_1_183' title='bbox 1097 2640 1182 2703; x_wconf 82' lang='lat'>2425</span> <span class='ocrx_word' id='word_1_184' title='bbox 1206 2649 1342 2705; x_wconf 89' lang='lat' dir='ltr'>senatus</span> <span class='ocrx_word' id='word_1_185' title='bbox 1356 2643 1563 2706; x_wconf 84' lang='lat' dir='ltr'>Vetere-Pra-</span> 
     </span>
     <span class='ocr_line' id='line_1_21' title="bbox 158 2744 1563 2827; baseline 0.001 -20"><span class='ocrx_word' id='word_1_186' title='bbox 158 2750 285 2826; x_wconf 86' lang='lat' dir='ltr'>gensis,</span> <span class='ocrx_word' id='word_1_187' title='bbox 309 2745 449 2827; x_wconf 90' lang='lat' dir='ltr'>denique</span> <span class='ocrx_word' id='word_1_188' title='bbox 477 2744 688 2807; x_wconf 79' lang='grc'><strong>1427-1436</strong></span> <span class='ocrx_word' id='word_1_189' title='bbox 712 2752 744 2807; x_wconf 88' lang='lat' dir='ltr'>et</span> <span class='ocrx_word' id='word_1_190' title='bbox 770 2746 993 2819; x_wconf 82' lang='grc'><strong>1462-1469,</strong></span> <span class='ocrx_word' id='word_1_191' title='bbox 1023 2761 1109 2826; x_wconf 91' lang='lat' dir='ltr'>quos</span> <span class='ocrx_word' id='word_1_192' title='bbox 1131 2745 1265 2808; x_wconf 90' lang='lat' dir='ltr'>codices</span> <span class='ocrx_word' id='word_1_193' title='bbox 1287 2751 1336 2809; x_wconf 90' lang='lat' dir='ltr'>vir</span> <span class='ocrx_word' id='word_1_194' title='bbox 1357 2749 1455 2810; x_wconf 89' lang='lat' dir='ltr'>nobis</span> <span class='ocrx_word' id='word_1_195' title='bbox 1484 2752 1563 2809; x_wconf 89' lang='lat' dir='ltr'>ami-</span> 
     </span>
     <span class='ocr_line' id='line_1_22' title="bbox 159 2848 1562 2929; baseline 0 -17"><span class='ocrx_word' id='word_1_196' title='bbox 159 2853 316 2912; x_wconf 90' lang='lat' dir='ltr'>cissimus</span> <span class='ocrx_word' id='word_1_197' title='bbox 330 2848 499 2911; x_wconf 82' lang='lat' dir='ltr'>lohannes</span> <span class='ocrx_word' id='word_1_198' title='bbox 523 2849 664 2922; x_wconf 88' lang='lat' dir='ltr'>Peisker‚</span> <span class='ocrx_word' id='word_1_199' title='bbox 688 2851 764 2910; x_wconf 92' lang='lat' dir='ltr'>olim</span> <span class='ocrx_word' id='word_1_200' title='bbox 789 2850 914 2929; x_wconf 90' lang='lat' dir='ltr'>collega</span> <span class='ocrx_word' id='word_1_201' title='bbox 935 2866 1024 2912; x_wconf 93' lang='lat' dir='ltr'>nunc</span> <span class='ocrx_word' id='word_1_202' title='bbox 1047 2866 1074 2912; x_wconf 91' lang='lat' dir='ltr'>c.</span> <span class='ocrx_word' id='word_1_203' title='bbox 1099 2867 1122 2910; x_wconf 89' lang='lat' dir='ltr'>r.</span> <span class='ocrx_word' id='word_1_204' title='bbox 1147 2848 1362 2913; x_wconf 88' lang='lat' dir='ltr'>bibliothecae</span> <span class='ocrx_word' id='word_1_205' title='bbox 1385 2849 1562 2914; x_wconf 86' lang='lat' dir='ltr'>Grecensis</span> 
     </span>
     <span class='ocr_line' id='line_1_23' title="bbox 159 2953 1561 3033; baseline 0.001 -19"><span class='ocrx_word' id='word_1_206' title='bbox 159 2959 285 3027; x_wconf 77' lang='lat' dir='ltr'>custoS,</span> <span class='ocrx_word' id='word_1_207' title='bbox 320 2954 464 3032; x_wconf 93' lang='lat' dir='ltr'>undique</span> <span class='ocrx_word' id='word_1_208' title='bbox 500 2958 702 3032; x_wconf 88' lang='lat' dir='ltr'>conquisitos</span> <span class='ocrx_word' id='word_1_209' title='bbox 737 2958 769 3016; x_wconf 93' lang='lat' dir='ltr'>in</span> <span class='ocrx_word' id='word_1_210' title='bbox 805 2953 916 3016; x_wconf 81' lang='lat' dir='ltr'>forulis</span> <span class='ocrx_word' id='word_1_211' title='bbox 950 2958 1071 3016; x_wconf 89' lang='lat' dir='ltr'>nostris</span> <span class='ocrx_word' id='word_1_212' title='bbox 1105 2970 1278 3033; x_wconf 91' lang='lat' dir='ltr'>reponens,</span> <span class='ocrx_word' id='word_1_213' title='bbox 1313 2959 1349 3016; x_wconf 88' lang='lat' dir='ltr'>ut</span> <span class='ocrx_word' id='word_1_214' title='bbox 1378 2959 1422 3017; x_wconf 88' lang='lat' dir='ltr'>ita</span> <span class='ocrx_word' id='word_1_215' title='bbox 1444 2954 1561 3028; x_wconf 92' lang='lat' dir='ltr'>dicam,</span> 
     </span>
     <span class='ocr_line' id='line_1_24' title="bbox 159 3060 515 3136; baseline 0 -19"><span class='ocrx_word' id='word_1_216' title='bbox 159 3060 340 3136; x_wconf 86' lang='lat' dir='ltr'>posteritati</span> <span class='ocrx_word' id='word_1_217' title='bbox 364 3060 515 3117; x_wconf 89' lang='lat' dir='ltr'>servavit.</span> 
     </span>
    </p>

    <p class='ocr_par' dir='ltr' id='par_1_4' title="bbox 159 3159 1562 3448">
     <span class='ocr_line' id='line_1_25' title="bbox 269 3159 1562 3242; baseline 0 -19"><span class='ocrx_word' id='word_1_218' title='bbox 269 3159 366 3223; x_wconf 91' lang='lat' dir='ltr'>Unde</span> <span class='ocrx_word' id='word_1_219' title='bbox 390 3165 485 3239; x_wconf 92' lang='lat' dir='ltr'>igitur</span> <span class='ocrx_word' id='word_1_220' title='bbox 508 3160 641 3223; x_wconf 91' lang='lat' dir='ltr'>codices</span> <span class='ocrx_word' id='word_1_221' title='bbox 664 3165 766 3224; x_wconf 86' lang='lat' dir='ltr'>nostri</span> <span class='ocrx_word' id='word_1_222' title='bbox 790 3162 877 3224; x_wconf 88' lang='lat' dir='ltr'>latini</span> <span class='ocrx_word' id='word_1_223' title='bbox 901 3165 1116 3241; x_wconf 90' lang='lat' dir='ltr'>provenerint,</span> <span class='ocrx_word' id='word_1_224' title='bbox 1149 3162 1258 3242; x_wconf 92' lang='lat' dir='ltr'>quoad</span> <span class='ocrx_word' id='word_1_225' title='bbox 1282 3165 1353 3223; x_wconf 92' lang='lat' dir='ltr'>eius</span> <span class='ocrx_word' id='word_1_226' title='bbox 1377 3167 1485 3241; x_wconf 89' lang='lat' dir='ltr'>potest</span> <span class='ocrx_word' id='word_1_227' title='bbox 1506 3179 1562 3240; x_wconf 87' lang='lat' dir='ltr'>ag·</span> 
     </span>
     <span class='ocr_line' id='line_1_26' title="bbox 159 3265 1562 3345; baseline 0.002 -19"><span class='ocrx_word' id='word_1_228' title='bbox 159 3266 266 3341; x_wconf 91' lang='lat' dir='ltr'>nosci,</span> <span class='ocrx_word' id='word_1_229' title='bbox 290 3266 444 3327; x_wconf 90' lang='lat' dir='ltr'>omnibus</span> <span class='ocrx_word' id='word_1_230' title='bbox 468 3282 568 3345; x_wconf 89' lang='lat' dir='ltr'>supra</span> <span class='ocrx_word' id='word_1_231' title='bbox 591 3266 758 3344; x_wconf 88' lang='lat' dir='ltr'>explicatis</span> <span class='ocrx_word' id='word_1_232' title='bbox 774 3271 807 3328; x_wconf 93' lang='lat' dir='ltr'>in</span> <span class='ocrx_word' id='word_1_233' title='bbox 823 3282 925 3328; x_wconf 89' lang='lat' dir='ltr'>unum</span> <span class='ocrx_word' id='word_1_234' title='bbox 942 3266 1085 3328; x_wconf 89' lang='lat' dir='ltr'>collectis</span> <span class='ocrx_word' id='word_1_235' title='bbox 1101 3267 1183 3328; x_wconf 88' lang='lat' dir='ltr'>haec</span> <span class='ocrx_word' id='word_1_236' title='bbox 1200 3265 1307 3327; x_wconf 90' lang='lat' dir='ltr'>brevis</span> <span class='ocrx_word' id='word_1_237' title='bbox 1331 3266 1442 3330; x_wconf 88' lang='lat' dir='ltr'>tabula</span> <span class='ocrx_word' id='word_1_238' title='bbox 1457 3265 1562 3329; x_wconf 91' lang='lat' dir='ltr'>docet.</span> 
     </span>
     <span class='ocr_line' id='line_1_27' title="bbox 159 3366 1304 3448; baseline 0 -17"><span class='ocrx_word' id='word_1_239' title='bbox 159 3366 196 3431; x_wconf 88' lang='lat' dir='ltr'>C.</span> <span class='ocrx_word' id='word_1_240' title='bbox 222 3387 244 3430; x_wconf 92' lang='lat' dir='ltr'>r.</span> <span class='ocrx_word' id='word_1_241' title='bbox 270 3369 399 3448; x_wconf 90' lang='lat' dir='ltr'>publica</span> <span class='ocrx_word' id='word_1_242' title='bbox 414 3375 446 3431; x_wconf 89' lang='lat' dir='ltr'>et</span> <span class='ocrx_word' id='word_1_243' title='bbox 460 3373 680 3432; x_wconf 88' lang='lat' dir='ltr'>universitatis</span> <span class='ocrx_word' id='word_1_244' title='bbox 704 3368 877 3448; x_wconf 88' lang='lat' dir='ltr'>Pragensis</span> <span class='ocrx_word' id='word_1_245' title='bbox 901 3370 1103 3444; x_wconf 89' lang='lat' dir='ltr'>bibliotheca,</span> <span class='ocrx_word' id='word_1_246' title='bbox 1128 3375 1164 3431; x_wconf 90' lang='lat' dir='ltr'>ut</span> <span class='ocrx_word' id='word_1_247' title='bbox 1178 3386 1221 3432; x_wconf 90' lang='lat' dir='ltr'>ex</span> <span class='ocrx_word' id='word_1_248' title='bbox 1241 3371 1304 3431; x_wconf 93' lang='lat' dir='ltr'>hoc</span> 
     </span>
    </p>

    <p class='ocr_par' dir='ltr' id='par_1_5' title="bbox 159 3472 1560 4197">
     <span class='ocr_line' id='line_1_28' title="bbox 247 3472 1560 3554; baseline 0 -20"><span class='ocrx_word' id='word_1_249' title='bbox 247 3474 396 3552; x_wconf 85' lang='lat' dir='ltr'>catalogo</span> <span class='ocrx_word' id='word_1_250' title='bbox 420 3479 517 3554; x_wconf 85' lang='lat' dir='ltr'>patet,</span> <span class='ocrx_word' id='word_1_251' title='bbox 541 3472 691 3552; x_wconf 91' lang='lat' dir='ltr'>possidet</span> <span class='ocrx_word' id='word_1_252' title='bbox 712 3473 830 3535; x_wconf 88' lang='lat' dir='ltr'>latinos</span> <span class='ocrx_word' id='word_1_253' title='bbox 854 3473 986 3536; x_wconf 89' lang='lat' dir='ltr'>codices</span> <span class='ocrx_word' id='word_1_254' title='bbox 1021 3519 1297 3539; x_wconf 87' lang='grc'><strong>......</strong></span> <span class='ocrx_word' id='word_1_255' title='bbox 1475 3473 1560 3534; x_wconf 86' lang='grc'>2727</span> 
     </span>
     <span class='ocr_line' id='line_1_29' title="bbox 159 3575 1433 3657; baseline 0 -18"><span class='ocrx_word' id='word_1_256' title='bbox 159 3575 211 3639; x_wconf 89' lang='lat' dir='ltr'>Ex</span> <span class='ocrx_word' id='word_1_257' title='bbox 234 3577 285 3637; x_wconf 91' lang='lat' dir='ltr'>his</span> <span class='ocrx_word' id='word_1_258' title='bbox 308 3583 527 3657; x_wconf 88' lang='lat' dir='ltr'>provenerunt</span> <span class='ocrx_word' id='word_1_259' title='bbox 548 3594 568 3638; x_wconf 88' lang='lat' dir='ltr'>a</span> <span class='ocrx_word' id='word_1_260' title='bbox 590 3575 723 3638; x_wconf 90' lang='lat' dir='ltr'>Jesuitis</span> <span class='ocrx_word' id='word_1_261' title='bbox 746 3578 870 3655; x_wconf 87' lang='lat' dir='ltr'>collegii</span> <span class='ocrx_word' id='word_1_262' title='bbox 894 3575 1086 3640; x_wconf 90' lang='lat' dir='ltr'>Clementini</span> <span class='ocrx_word' id='word_1_263' title='bbox 1132 3625 1139 3640; x_wconf 97' lang='lat'>.</span> <span class='ocrx_word' id='word_1_264' title='bbox 1185 3625 1193 3640; x_wconf 97' lang='lat'>.</span> <span class='ocrx_word' id='word_1_265' title='bbox 1240 3627 1247 3640; x_wconf 92' lang='lat'>.</span> <span class='ocrx_word' id='word_1_266' title='bbox 1294 3621 1302 3638; x_wconf 91' lang='lat'>.</span> <span class='ocrx_word' id='word_1_267' title='bbox 1351 3577 1433 3640; x_wconf 92' lang='grc'><strong>1165</strong></span> 
     </span>
     <span class='ocr_line' id='line_1_30' title="bbox 160 3677 1433 3760; baseline 0.002 -19"><span class='ocrx_word' id='word_1_268' title='bbox 160 3697 182 3741; x_wconf 91' lang='lat' dir='ltr'>a</span> <span class='ocrx_word' id='word_1_269' title='bbox 202 3677 337 3742; x_wconf 88' lang='lat' dir='ltr'>Jesuitis</span> <span class='ocrx_word' id='word_1_270' title='bbox 360 3686 541 3741; x_wconf 92' lang='lat' dir='ltr'>ceterorum</span> <span class='ocrx_word' id='word_1_271' title='bbox 564 3681 773 3760; x_wconf 87' lang='lat' dir='ltr'>collegiorum</span> <span class='ocrx_word' id='word_1_272' title='bbox 805 3726 1301 3746; x_wconf 85' lang='lat'><strong>..........</strong></span> <span class='ocrx_word' id='word_1_273' title='bbox 1372 3681 1433 3744; x_wconf 83' lang='lat'>148</span> 
     </span>
     <span class='ocr_line' id='line_1_31' title="bbox 160 3783 1429 3861; baseline 0.002 -17"><span class='ocrx_word' id='word_1_274' title='bbox 160 3801 203 3844; x_wconf 90' lang='lat' dir='ltr'>ex</span> <span class='ocrx_word' id='word_1_275' title='bbox 225 3784 297 3845; x_wconf 88' lang='lat' dir='ltr'>aliis</span> <span class='ocrx_word' id='word_1_276' title='bbox 321 3787 527 3846; x_wconf 88' lang='lat' dir='ltr'>monasteriis</span> <span class='ocrx_word' id='word_1_277' title='bbox 550 3789 667 3861; x_wconf 90' lang='lat' dir='ltr'>postea</span> <span class='ocrx_word' id='word_1_278' title='bbox 689 3783 817 3846; x_wconf 88' lang='lat' dir='ltr'>abolitis</span> <span class='ocrx_word' id='word_1_279' title='bbox 864 3829 1302 3848; x_wconf 90' lang='grc'><strong>.........</strong></span> <span class='ocrx_word' id='word_1_280' title='bbox 1370 3785 1429 3848; x_wconf 83' lang='grc'>731</span> 
     </span>
     <span class='ocr_line' id='line_1_32' title="bbox 160 3887 1433 3952; baseline 0.002 -3"><span class='ocrx_word' id='word_1_281' title='bbox 160 3906 179 3949; x_wconf 90' lang='lat' dir='ltr'>e</span> <span class='ocrx_word' id='word_1_282' title='bbox 202 3889 341 3950; x_wconf 91' lang='lat' dir='ltr'>diversis</span> <span class='ocrx_word' id='word_1_283' title='bbox 364 3887 566 3949; x_wconf 90' lang='lat' dir='ltr'>bibliothecis</span> <span class='ocrx_word' id='word_1_284' title='bbox 589 3894 622 3948; x_wconf 88' lang='lat' dir='ltr'>et</span> <span class='ocrx_word' id='word_1_285' title='bbox 644 3888 793 3949; x_wconf 89' lang='lat' dir='ltr'>ecclesiis</span> <span class='ocrx_word' id='word_1_286' title='bbox 1396 3889 1433 3952; x_wconf 90' lang='lat'>18</span> 
     </span>
     <span class='ocr_line' id='line_1_33' title="bbox 159 3991 1434 4058; baseline 0.004 -7"><span class='ocrx_word' id='word_1_287' title='bbox 159 4009 181 4051; x_wconf 92' lang='lat' dir='ltr'>a</span> <span class='ocrx_word' id='word_1_288' title='bbox 204 3991 418 4053; x_wconf 86' lang='lat' dir='ltr'>donatoribus</span> <span class='ocrx_word' id='word_1_289' title='bbox 479 4037 1301 4058; x_wconf 90' lang='grc'><strong>................</strong></span> <span class='ocrx_word' id='word_1_290' title='bbox 1391 3994 1434 4057; x_wconf 87' lang='lat'>85</span> 
     </span>
     <span class='ocr_line' id='line_1_34' title="bbox 159 4090 1459 4197; baseline 0.002 -41"><span class='ocrx_word' id='word_1_291' title='bbox 159 4098 193 4157; x_wconf 94' lang='lat' dir='ltr'>in</span> <span class='ocrx_word' id='word_1_292' title='bbox 217 4095 414 4157; x_wconf 89' lang='lat' dir='ltr'>bibliotheca</span> <span class='ocrx_word' id='word_1_293' title='bbox 434 4100 547 4156; x_wconf 91' lang='lat' dir='ltr'>nostra</span> <span class='ocrx_word' id='word_1_294' title='bbox 569 4099 643 4174; x_wconf 89' lang='lat' dir='ltr'>ipsa</span> <span class='ocrx_word' id='word_1_295' title='bbox 665 4099 787 4157; x_wconf 88' lang='lat' dir='ltr'>exarati</span> <span class='ocrx_word' id='word_1_296' title='bbox 812 4090 929 4171; x_wconf 59' lang='lat' dir='ltr'>suntae)</span> <span class='ocrx_word' id='word_1_297' title='bbox 968 4142 1301 4162; x_wconf 89' lang='grc'><strong><em>.......</em></strong></span> <span class='ocrx_word' id='word_1_298' title='bbox 1302 4097 1459 4197; x_wconf 39' lang='lat'>‘488-</span> 
     </span>
    </p>
   </div>
   <div class='ocr_carea' id='block_1_3' title="bbox 599 4216 1563 4421">
    <p class='ocr_par' dir='ltr' id='par_1_6' title="bbox 599 4216 1563 4421">
     <span class='ocr_line' id='line_1_35' title="bbox 1047 4216 1563 4320; baseline 0 -39"><span class='ocrx_word' id='word_1_299' title='bbox 1047 4216 1185 4281; x_wconf 87' lang='lat' dir='ltr'>Summa</span> <span class='ocrx_word' id='word_1_300' title='bbox 1208 4221 1270 4283; x_wconf 89' lang='lat' dir='ltr'>hac</span> <span class='ocrx_word' id='word_1_301' title='bbox 1316 4267 1323 4283; x_wconf 96' lang='lat'>.</span> <span class='ocrx_word' id='word_1_302' title='bbox 1371 4271 1377 4282; x_wconf 93' lang='lat'>.</span> <span class='ocrx_word' id='word_1_303' title='bbox 1406 4219 1563 4320; x_wconf 62' lang='grc'><strong>-21-86</strong></span> 
     </span>
     <span class='ocr_line' id='line_1_36' title="bbox 599 4337 1557 4421; baseline 0.005 -22"><span class='ocrx_word' id='word_1_304' title='bbox 599 4337 741 4401; x_wconf 89' lang='lat' dir='ltr'>deducta</span> <span class='ocrx_word' id='word_1_305' title='bbox 763 4339 804 4401; x_wconf 90' lang='lat' dir='ltr'>de</span> <span class='ocrx_word' id='word_1_306' title='bbox 828 4354 960 4401; x_wconf 90' lang='lat' dir='ltr'>summa</span> <span class='ocrx_word' id='word_1_307' title='bbox 982 4346 1148 4421; x_wconf 88' lang='lat' dir='ltr'>superiore</span> <span class='ocrx_word' id='word_1_308' title='bbox 1171 4347 1322 4405; x_wconf 87' lang='lat' dir='ltr'>restant.</span> <span class='ocrx_word' id='word_1_309' title='bbox 1369 4389 1376 4404; x_wconf 94' lang='lat'>.</span> <span class='ocrx_word' id='word_1_310' title='bbox 1424 4392 1430 4404; x_wconf 94' lang='lat'>.</span> <span class='ocrx_word' id='word_1_311' title='bbox 1498 4342 1557 4404; x_wconf 88' lang='grc'>541</span> 
     </span>
    </p>
   </div>
   <div class='ocr_carea' id='block_1_4' title="bbox 162 4505 1563 4847">
    <p class='ocr_par' dir='ltr' id='par_1_7' title="bbox 162 4505 1563 4847">
     <span class='ocr_line' id='line_1_37' title="bbox 269 4505 1563 4592; baseline 0.005 -20"><span class='ocrx_word' id='word_1_312' title='bbox 269 4505 310 4586; x_wconf 73' lang='lat'>²⁸)</span> <span class='ocrx_word' id='word_1_313' title='bbox 333 4515 376 4574; x_wconf 81' lang='lat' dir='ltr'>Cf.</span> <span class='ocrx_word' id='word_1_314' title='bbox 401 4515 433 4576; x_wconf 84' lang='lat' dir='ltr'>F.</span> <span class='ocrx_word' id='word_1_315' title='bbox 456 4513 563 4587; x_wconf 72' lang='lat' dir='ltr'>Mares,</span> <span class='ocrx_word' id='word_1_316' title='bbox 586 4513 726 4574; x_wconf 81' lang='lat' dir='ltr'>Literrirni</span> <span class='ocrx_word' id='word_1_317' title='bbox 750 4512 895 4590; x_wconf 79' lang='lat' dir='ltr'>prisobeni</span> <span class='ocrx_word' id='word_1_318' title='bbox 918 4512 1046 4576; x_wconf 71' lang='lat' dir='ltr'>kltitera</span> <span class='ocrx_word' id='word_1_319' title='bbox 1061 4518 1280 4592; x_wconf 70' lang='lat' dir='ltr'>Tiebonskeha</span> <span class='ocrx_word' id='word_1_320' title='bbox 1300 4505 1368 4582; x_wconf 66' lang='lat' dir='ltr'>Cas.</span> <span class='ocrx_word' id='word_1_321' title='bbox 1384 4521 1463 4580; x_wconf 89' lang='lat' dir='ltr'>Mus.</span> <span class='ocrx_word' id='word_1_322' title='bbox 1484 4521 1563 4578; x_wconf 88' lang='grc'><strong>1896</strong></span> 
     </span>
     <span class='ocr_line' id='line_1_38' title="bbox 163 4601 1563 4673; baseline 0.004 -15"><span class='ocrx_word' id='word_1_323' title='bbox 163 4619 191 4673; x_wconf 89' lang='lat' dir='ltr'>p.</span> <span class='ocrx_word' id='word_1_324' title='bbox 216 4601 398 4660; x_wconf 79' lang='lat'>521-547.</span> <span class='ocrx_word' id='word_1_325' title='bbox 444 4603 504 4660; x_wconf 90' lang='lat' dir='ltr'>Cur</span> <span class='ocrx_word' id='word_1_326' title='bbox 525 4603 651 4660; x_wconf 86' lang='lat' dir='ltr'>Hanslik</span> <span class='ocrx_word' id='word_1_327' title='bbox 673 4619 847 4660; x_wconf 87' lang='lat' dir='ltr'>enumerans</span> <span class='ocrx_word' id='word_1_328' title='bbox 878 4609 1057 4664; x_wconf 87' lang='lat' dir='ltr'>monasteria</span> <span class='ocrx_word' id='word_1_329' title='bbox 1085 4607 1224 4663; x_wconf 89' lang='lat' dir='ltr'>librorum</span> <span class='ocrx_word' id='word_1_330' title='bbox 1247 4609 1419 4665; x_wconf 86' lang='lat' dir='ltr'>traditorum</span> <span class='ocrx_word' id='word_1_331' title='bbox 1443 4623 1563 4664; x_wconf 88' lang='lat' dir='ltr'>numero</span> 
     </span>
     <span class='ocr_line' id='line_1_39' title="bbox 162 4689 1563 4763; baseline 0.006 -21"><span class='ocrx_word' id='word_1_332' title='bbox 162 4695 190 4743; x_wconf 86' lang='lat' dir='ltr'>et</span> <span class='ocrx_word' id='word_1_333' title='bbox 211 4689 392 4760; x_wconf 82' lang='lat' dir='ltr'>praestantia</span> <span class='ocrx_word' id='word_1_334' title='bbox 423 4693 585 4763; x_wconf 87' lang='lat' dir='ltr'>conspicua</span> <span class='ocrx_word' id='word_1_335' title='bbox 615 4691 648 4762; x_wconf 91' lang='lat' dir='ltr'>(l.</span> <span class='ocrx_word' id='word_1_336' title='bbox 673 4706 699 4748; x_wconf 87' lang='lat' dir='ltr'>c.</span> <span class='ocrx_word' id='word_1_337' title='bbox 725 4689 866 4762; x_wconf 86' lang='lat'>81—83)</span> <span class='ocrx_word' id='word_1_338' title='bbox 889 4698 918 4747; x_wconf 88' lang='lat' dir='ltr'>et</span> <span class='ocrx_word' id='word_1_339' title='bbox 940 4691 1126 4750; x_wconf 79' lang='lat' dir='ltr'>Tiebonense</span> <span class='ocrx_word' id='word_1_340' title='bbox 1158 4700 1186 4749; x_wconf 87' lang='lat' dir='ltr'>et</span> <span class='ocrx_word' id='word_1_341' title='bbox 1207 4695 1414 4751; x_wconf 86' lang='lat' dir='ltr'>Borovanense</span> <span class='ocrx_word' id='word_1_342' title='bbox 1445 4695 1563 4751; x_wconf 90' lang='lat' dir='ltr'>silentio</span> 
     </span>
     <span class='ocr_line' id='line_1_40' title="bbox 163 4775 611 4847; baseline 0.004 -17"><span class='ocrx_word' id='word_1_343' title='bbox 163 4775 332 4847; x_wconf 85' lang='lat' dir='ltr'>neglexerit,</span> <span class='ocrx_word' id='word_1_344' title='bbox 356 4776 442 4832; x_wconf 83' lang='lat' dir='ltr'>valde</span> <span class='ocrx_word' id='word_1_345' title='bbox 465 4780 611 4834; x_wconf 89' lang='lat' dir='ltr'>miramur.</span> 
     </span>
    </p>
   </div>
   <div class='ocr_carea' id='block_1_5' title="bbox 163 4852 1564 5022">
    <p class='ocr_par' dir='ltr' id='par_1_8' title="bbox 163 4852 1564 5022">
     <span class='ocr_line' id='line_1_41' title="bbox 270 4852 1564 4940; baseline 0.006 -24"><span class='ocrx_word' id='word_1_346' title='bbox 270 4852 311 4932; x_wconf 73' lang='lat' dir='ltr'>m)</span> <span class='ocrx_word' id='word_1_347' title='bbox 334 4860 509 4934; x_wconf 86' lang='lat' dir='ltr'>Catelogum</span> <span class='ocrx_word' id='word_1_348' title='bbox 543 4865 679 4920; x_wconf 90' lang='lat' dir='ltr'>codicum</span> <span class='ocrx_word' id='word_1_349' title='bbox 714 4879 802 4918; x_wconf 88' lang='lat' dir='ltr'>manu</span> <span class='ocrx_word' id='word_1_350' title='bbox 837 4865 1011 4936; x_wconf 89' lang='lat' dir='ltr'>scriptorum</span> <span class='ocrx_word' id='word_1_351' title='bbox 1045 4866 1133 4923; x_wconf 91' lang='lat' dir='ltr'>huius</span> <span class='ocrx_word' id='word_1_352' title='bbox 1169 4867 1338 4925; x_wconf 86' lang='lat' dir='ltr'>monasterii</span> <span class='ocrx_word' id='word_1_353' title='bbox 1372 4871 1417 4927; x_wconf 87' lang='lat' dir='ltr'>ed.</span> <span class='ocrx_word' id='word_1_354' title='bbox 1441 4868 1564 4940; x_wconf 84' lang='lat' dir='ltr'>Riegger</span> 
     </span>
     <span class='ocr_line' id='line_1_42' title="bbox 163 4946 715 5022; baseline 0.004 -18"><span class='ocrx_word' id='word_1_355' title='bbox 163 4947 274 5004; x_wconf 85' lang='lat' dir='ltr'>Archiv</span> <span class='ocrx_word' id='word_1_356' title='bbox 295 4946 321 5004; x_wconf 90' lang='grc' dir='ltr'>ΙΙ</span> <span class='ocrx_word' id='word_1_357' title='bbox 344 4949 457 5022; x_wconf 85' lang='grc'><strong>(1793)</strong></span> <span class='ocrx_word' id='word_1_358' title='bbox 480 4967 509 5022; x_wconf 89' lang='lat' dir='ltr'>p.</span> <span class='ocrx_word' id='word_1_359' title='bbox 534 4949 715 5007; x_wconf 86' lang='grc'><strong>650-661.</strong></span> 
     </span>
    </p>
   </div>
   <div class='ocr_carea' id='block_1_6' title="bbox 270 5025 1562 5112">
    <p class='ocr_par' dir='ltr' id='par_1_9' title="bbox 270 5025 1562 5112">
     <span class='ocr_line' id='line_1_43' title="bbox 270 5025 1562 5112; baseline 0.008 -22"><span class='ocrx_word' id='word_1_360' title='bbox 270 5025 310 5110; x_wconf 70' lang='grc'>28)</span> <span class='ocrx_word' id='word_1_361' title='bbox 334 5034 387 5091; x_wconf 89' lang='lat' dir='ltr'>Hic</span> <span class='ocrx_word' id='word_1_362' title='bbox 406 5052 543 5093; x_wconf 88' lang='lat' dir='ltr'>numerus</span> <span class='ocrx_word' id='word_1_363' title='bbox 559 5043 671 5094; x_wconf 86' lang='lat' dir='ltr'>veteres</span> <span class='ocrx_word' id='word_1_364' title='bbox 687 5037 825 5093; x_wconf 91' lang='lat' dir='ltr'>librorum</span> <span class='ocrx_word' id='word_1_365' title='bbox 843 5043 1009 5095; x_wconf 88' lang='lat' dir='ltr'>nostrorum</span> <span class='ocrx_word' id='word_1_366' title='bbox 1026 5039 1177 5110; x_wconf 88' lang='lat' dir='ltr'>catalogos</span> <span class='ocrx_word' id='word_1_367' title='bbox 1193 5041 1334 5112; x_wconf 87' lang='lat' dir='ltr'>imprimis</span> <span class='ocrx_word' id='word_1_368' title='bbox 1351 5041 1562 5112; x_wconf 90' lang='lat' dir='ltr'>complectitur.</span> 
     </span>
    </p>
   </div>
   <div class='ocr_carea' id='block_1_7' title="bbox 0 0 1950 5970">
    <p class='ocr_par' dir='ltr' id='par_1_10' title="bbox 0 0 1950 5970">
     <span class='ocr_line' id='line_1_44' title="bbox 0 0 1950 5970; baseline 0 0"><span class='ocrx_word' id='word_1_369' title='bbox 0 0 1950 5970; x_wconf 95' lang='lat' dir='ltr'> </span> 
     </span>
    </p>
   </div>
  </div>
 </body>
</html>
