3890 5970
1504 610 1566 662 XIX

163 836 260 897 opere
283 837 358 881 curn
383 820 424 882 de
448 822 588 883 editione
612 823 757 884 curanda
780 820 946 899 agebatur,
976 824 1199 898 gratissimum
1224 820 1302 881 mihi
1325 825 1443 891 evenit,
1474 820 1565 901 quod

162 927 221 983 viri
244 927 314 984 sine
337 924 401 985 ulla
424 924 623 987 dubitatione
646 942 752 986 rerum
777 925 973 1005 peritissimi,
1000 927 1218 985 universitatis
1243 923 1416 1002 Pragensis
1441 924 1568 1003 proies·

164 1042 256 1087 sores
279 1029 494 1102 illustrissimi,
518 1027 643 1091 HENR.
668 1027 831 1102 SINGER,
855 1026 958 1092 CAM.
981 1024 1165 1103 HENNER,
1189 1024 1288 1089 SAM.
1313 1025 1566 1104 STEINHERZ,

163 1127 245 1190 JAR.
271 1128 393 1205 GOLL,
418 1148 516 1210 quern
539 1136 603 1194 iam
627 1150 728 1212 supra
750 1133 888 1204 laudavi,
913 1132 1055 1192 laborem
1080 1133 1217 1210 catalogi
1240 1129 1339 1192 huius
1356 1134 1564 1195 examinandi

164 1249 222 1312 pro
245 1250 308 1296 suo
331 1240 469 1316 quisque
492 1235 673 1297 studiorum
696 1253 815 1315 genere
838 1238 977 1314 benigne
994 1236 1162 1296 subierunt
1184 1241 1216 1296 et
1239 1250 1323 1313 opus
1347 1236 1564 1314 approbatum

165 1341 252 1416 typis
275 1340 504 1401 excudendum
527 1340 807 1402 commendarunt.
843 1338 941 1420 Quod
964 1345 1074 1400 autem
1097 1340 1266 1416 catalogus
1297 1344 1483 1400 nostrorum
1509 1355 1563 1400 co·

165 1439 272 1501 dicum
308 1444 478 1504 latinorum
511 1447 543 1506 in
566 1446 672 1505 lucem
707 1443 822 1522 prodit,
857 1447 996 1521 primum
1030 1441 1269 1503 munificentiae
1297 1458 1324 1502 c.
1349 1460 1371 1503 r.
1397 1447 1564 1506 ministerii

164 1545 352 1608 eruditionis
376 1546 533 1626 publicae,
557 1547 675 1609 deinde
706 1547 814 1608 studio
838 1554 870 1608 et
892 1548 1068 1608 liberalitati
1092 1543 1210 1623 Regiae
1233 1543 1405 1607 Societatis
1429 1543 1564 1608 Scienti·

163 1664 256 1710 arum
272 1649 467 1712 Bohemicae
491 1657 662 1729 acceptum
679 1650 858 1714 referimus.
882 1649 992 1730 Magni
1008 1655 1104 1712 etiam
1120 1649 1361 1710 aestimandum
1379 1655 1457 1727 puto
1473 1650 1566 1712 adiu·

165 1758 310 1814 mentum
345 1758 567 1833 promtissimo
601 1758 711 1816 animo
742 1755 818 1815 mihi
853 1759 1042 1832 praestitum
1073 1754 1172 1814 adre
1194 1751 1233 1812 V.
1257 1752 1373 1832 Kybal,
1409 1756 1464 1831 qui
1496 1769 1564 1815 non

165 1859 273 1917 solum
297 1861 329 1918 in
353 1859 431 1919 libro
455 1858 646 1936 corrigendo
677 1859 813 1919 multum
838 1858 957 1919 laboris
981 1873 1111 1920 meeum
1134 1860 1350 1935 consumpsit,
1382 1856 1562 1918 sedetiam

164 1959 252 2020 hunc
275 1963 459 2039 catalogum
483 1961 646 2022 uberrimo
668 1961 774 2022 indice
797 1964 956 2022 instruxit.

251 2079 399 2162 Denique
423 2083 500 2145 nihil
522 2086 662 2163 amplius
685 2088 816 2162 exopto,
841 2099 938 2161 quam
963 2089 999 2144 ut
1021 2084 1183 2144 thesauris
1206 2085 1364 2144 litterariis
1388 2082 1450 2144 hac
1473 2084 1564 2144 clave

164 2190 331 2246 communi
355 2191 428 2247 usui
452 2185 622 2264 patefactis
644 2189 843 2266 antiquitatis
874 2185 982 2248 studia
1003 2186 1092 2266 apud
1115 2203 1178 2248 nos
1201 2203 1300 2266 quam
1332 2189 1470 2247 maxime
1494 2202 1568 2266 pro·

165 2295 358 2351 moveantur
380 2296 411 2352 et
433 2295 622 2370 augeantur.

273 2583 394 2664 Plagae
419 2585 480 2648 kal.
503 2584 574 2646 Jan.
602 2584 693 2650 1905.
810 2679 816 2692 .
