3844 5968
1028 545 1089 607 180

358 765 411 818 »et
440 771 515 818 cum
546 759 610 816 isto
639 756 781 815 alumine
811 759 933 832 optime
956 762 1111 816 curantur
1141 757 1251 816 ulcera
1273 760 1351 828 oris,
1374 762 1411 815 ut
1434 756 1559 816 dictum
1582 761 1689 818 estin
1713 773 1769 816 se-

356 843 467 904 cunda
496 843 652 922 particula
685 841 878 920 (rubricator
899 841 1025 920 addit:)
1054 843 1107 902 vel
1130 847 1235 902 eciam
1259 859 1374 904 semen
1398 844 1451 904 lini
1476 860 1554 903 cum
1577 843 1671 904 melle
1695 860 1767 904 ma·

356 937 442 992 turat
463 935 698 1008 apostemata«

465 1031 486 1095 1.
514 1029 590 1093 1691
620 1031 679 1094 Sv.
709 1023 870 1094 Matouse
900 1031 1082 1111 evangelia
1111 1032 1190 1111 lrap.
1212 1031 1333 1107 xxvi,
1358 1031 1464 1093 1-36
1487 1028 1597 1111 ὄεεΙιῨ
1618 1027 1768 1111 ρῖεΙιΙαᾰ

356 1113 472 1199 pean?
493 1119 552 1182 ok.
576 1117 661 1181 1400
683 1119 759 1183 (bez
782 1115 989 1194 zakonceni).

466 1225 617 1299 Operculls
640 1227 769 1298 adligata
792 1229 934 1283 suntduo
949 1227 999 1284 sol.
1023 1229 1144 1285 membr.
1168 1227 1282 1283 codicis
1306 1229 1461 1283 cuiusdam
1484 1243 1564 1282 saec.
1580 1225 1764 1281 Xlll-XIV

357 1329 471 1385 argum.
493 1315 702 1386 philosophici.
728 1311 761 1368 ln
784 1313 877 1370 fronte
900 1329 996 1386 snper.
1021 1322 1139 1370 notatur
1160 1329 1319 1386 possessor
1340 1330 1431 1370 manu
1454 1329 1533 1370 saec.
1558 1312 1632 1369 XV:
1660 1313 1767 1368 »Liber

356 1399 476 1456 Martini
499 1403 534 1456 de
557 1399 698 1457 Traiebon
723 1401 858 1456 mediet«
883 1400 917 1456 ln
933 1402 982 1458 sol.
999 1409 1138 1473 sequente
1161 1417 1220 1456 non
1235 1416 1346 1459 numer.
1363 1405 1489 1457 occurrit
1500 1403 1591 1457 index
1607 1402 1767 1456 cuiusdam

357 1487 422 1544 libri
446 1487 629 1544 medicinalis
652 1504 670 1542 a
693 1493 817 1542 tractatu
841 1489 943 1543 codice
967 1495 1107 1544 contento
1130 1490 1252 1543 omnino
1277 1489 1394 1544 diversi.
1417 1487 1451 1543 ln
1474 1492 1578 1543 eodem
1601 1487 1651 1543 tol.
1675 1503 1764 1542 verso

358 1573 573 1645 adglutinatam
596 1581 644 1630 est
667 1573 781 1644 insigne
805 1573 875 1630 bibl.
905 1575 1140 1645 Rosenbergicae
1171 1591 1197 1630 a.
1227 1574 1317 1644 1609,
1342 1590 1378 1630 ex
1403 1591 1462 1644 qua
1493 1578 1587 1630 codex
1611 1582 1712 1629 noster
1735 1575 1766 1629 in

359 1661 567 1718 monasterium
591 1659 778 1717 menonense
802 1661 931 1718 devenit.

466 1827 536 1910 1811
954 1827 984 1904 Ι.
1012 1831 1060 1905 D.
1087 1829 1149 1904 40.

358 1970 467 2033 chart.
489 1987 577 2032 saec.
600 1967 725 2032 XVIII
743 1969 787 2030 ἐκ.
810 1969 858 2052 ff.
882 1969 925 2032 49
941 1989 1044 2042 nram..
1066 1972 1106 2033 31
1124 1971 1158 2027 ><
1171 1972 1211 2033 21
1229 1987 1292 2032 cm.
1310 1975 1346 2032 ut
1367 1971 1501 2032 videtur
1515 1969 1765 2050 arrtographas.

465 2085 718 2154 Monasterium
740 2089 774 2155 S.
796 2091 943 2171 Agnetis
966 2109 1146 2155 sacrarum
1168 2091 1345 2171 virginum
1368 2091 1604 2154 Clarissarum
1631 2089 1769 2152 ordinis

358 2179 393 2244 S.
426 2177 602 2242 Francisci
634 2177 910 2259 Vetero-Pragae
940 2180 1147 2242 describitur
1177 2195 1199 2240 a
1226 2179 1364 2242 Ioanne
1393 2178 1556 2240 Floriano
1584 2178 1768 2240 Hammer-

358 2265 495 2332 schmid
518 2313 525 2328 .
550 2311 558 2328 .
582 2310 590 2326 .
614 2269 646 2328 in
676 2263 771 2345 Teyn
804 2271 954 2344 priman'o
977 2273 1101 2328 curato,
1132 2265 1301 2341 (Continet
1322 2271 1424 2327 vitam
1446 2265 1638 2328 fundatricis
1662 2270 1695 2325 et
1717 2264 1765 2324 hi-

359 2357 492 2417 storiam
527 2369 594 2416 non
631 2353 739 2414 solum
770 2358 958 2415 monasterii
991 2355 1125 2432 praelati
1157 2354 1217 2414 sed
1241 2359 1337 2414 etiam
1373 2357 1407 2428 (a
1430 2352 1450 2413 l.
1475 2353 1532 2426 38)
1554 2351 1768 2432 Tynecensis

359 2441 508 2503 eiusdem
532 2438 679 2518 ordinis.)

467 2610 524 2694 181
956 2613 987 2688 I.
1014 2613 1064 2688 D.
1091 2611 1153 2688 41.

360 2753 468 2818 chart.
491 2769 576 2816 saec.
600 2749 725 2814 XVIII
737 2751 776 2833 ff.
799 2751 865 2814 300
887 2769 991 2829 acaria,
1014 2751 1058 2814 32
1071 2752 1156 2814 ><21
1185 2769 1247 2813 cm.
1271 2756 1290 2814 I
1314 2769 1361 2812 m.

464 2873 659 2938 curiositas
682 2873 901 2952 privilegiata
930 2873 967 2935 in
997 2872 1136 2934 Dudum
1167 2891 1231 2951 pro
1253 2871 1375 2946 Hodie,
1401 2887 1465 2933 seu
1487 2869 1770 2932 Dissertationes

360 2967 396 3028 ct
418 2961 641 3042 quaestiones
665 2959 708 3023 de
730 2961 907 3022 universis
931 2959 1121 3038 privilegiis
1144 2977 1166 3021 a
1188 2960 1222 3025 S.
1244 2959 1285 3022 D.
1310 2958 1491 3021 Clemente
1525 2955 1574 3018 XI
1608 2958 1696 3018 bulla
1719 2962 1765 3018 in-

361 3055 498 3130 cipiente
521 3047 655 3110 Dudum
679 3047 730 3108 die
755 3045 794 3108 27
818 3045 923 3110 Martii
946 3065 974 3110 a.
1004 3047 1085 3109 1715
1103 3099 1109 3110 .
1125 3099 1130 3110 .
1149 3096 1156 3109 .
1172 3045 1357 3110 vibariatui
1379 3043 1553 3118 Bobmiae,
1575 3042 1766 3114 Moraviae,

361 3135 549 3214 Utriusque
571 3133 734 3197 Lusatiae
767 3133 957 3210 concessis,
988 3139 1020 3196 in
1052 3136 1171 3212 quibus
1188 3183 1196 3196 .
1215 3182 1247 3196 ..
1272 3133 1501 3211 expenduntur
1523 3133 1766 3210 privilegia...

362 3241 388 3286 s
413 3225 482 3286 ord.
507 3221 733 3286 Cisterciensis
768 3238 806 3284 ac
840 3222 997 3283 aliorum.
1016 3269 1048 3283 ..
1074 3223 1236 3296 ordinum,
1271 3225 1366 3282 cuius
1400 3219 1498 3280 hodia
1534 3223 1600 3278 sint
1633 3218 1768 3279 valoris,

362 3311 440 3372 Pars
464 3314 567 3390 prima
584 3355 589 3371 .
608 3355 641 3371 ..
666 3308 812 3370 Authore
835 3307 870 3369 F.
893 3307 1082 3370 Benedicta
1106 3308 1265 3386 Scheppl‚
1297 3306 1366 3368 ord.
1399 3305 1533 3368 Cisterc.
1559 3309 1701 3366 monast.
1726 3305 1768 3364 de

363 3397 454 3460 Plass
478 3395 629 3475 professo
653 3401 685 3457 et
707 3399 885 3475 suppriore.

466 3505 584 3572 (Annus
608 3503 728 3560 ultimus
752 3505 781 3559 in
805 3517 890 3574 opere
915 3509 1160 3558 commemoratus
1184 3508 1229 3558 est
1256 3495 1360 3575 1742.)
1385 3500 1455 3556 Sine
1478 3499 1571 3555 dubio
1596 3515 1611 3554 e
1634 3503 1770 3555 monast.

362 3591 523 3648 Plasscnsi.

469 3758 539 3842 182
960 3757 990 3836 I.
1018 3760 1066 3834 D.
1093 3757 1155 3832 42.

364 3901 471 3966 chart.
493 3917 582 3964 sacr.
606 3899 644 3964 X
648 3899 675 3962 V
681 3899 729 3983 ff.
752 3901 826 3976 250,
850 3902 890 3964 31
906 3901 989 3962 ><21
1016 3917 1078 3961 cm.
1104 3900 1121 3960 1
1146 3915 1191 3960 m.

664 4023 806 4088 lllissale
829 4023 1023 4086 secundum
1045 4020 1218 4083 rubricam
1240 4018 1462 4098 Pragensem.

467 4133 498 4194 F.
526 4135 538 4192 1
566 4141 594 4190 et
614 4133 642 4190 n.
668 4131 727 4189 232
753 4148 815 4203 seq.
839 4130 993 4186 recentiori
1018 4145 1106 4184 manu
1130 4129 1238 4200 scripta
1250 4141 1314 4182 esse
1329 4128 1474 4192 videntur,
1487 4127 1516 4179 in
1540 4123 1569 4179 if.
1595 4121 1771 4178 234-245

363 4228 432 4280 sum
456 4230 542 4279 notae
565 4219 704 4276 musicae.
728 4217 760 4274 In
784 4218 804 4274 f.
830 4211 908 4274 250b
932 4219 987 4273 hae
1012 4223 1097 4272 notae
1122 4219 1297 4272 occurrunt:
1334 4213 1388 4269 »A.
1421 4214 1450 4268 d.
1480 4210 1558 4266 1425
1590 4209 1664 4266 obiit
1687 4210 1770 4264 dom.

364 4309 463 4366 Welllr
486 4309 655 4382 capellanus
679 4309 714 4362 de
737 4305 856 4376 Ugezd.
875 4347 907 4362 ..
933 4319 1011 4360 anno
1035 4306 1137 4360 eodem
1162 4301 1234 4357 obiit
1257 4301 1286 4357 d.
1310 4299 1462 4355 lohannes
1485 4297 1571 4354 Floss
1594 4297 1768 4368 capellanus

365 4397 401 4453 de
427 4395 619 4468 Wodnyan.«

471 4561 541 4646 183
974 4557 1004 4633 I.
1032 4558 1080 4632 D.
1108 4557 1168 4632 43.

365 4705 471 4768 clrart.
494 4703 602 4767 scribi
623 4705 752 4786 coeptus
775 4719 806 4764 a.
842 4699 936 4776 1403,
961 4697 1008 4781 ff.
1033 4697 1098 4761 226
1118 4714 1224 4770 num,
1248 4696 1391 4760 28><22
1421 4711 1484 4757 cm.
1509 4693 1540 4754 d.
1564 4709 1609 4751 ru.

470 4825 490 4890 1.
519 4827 549 4887 1·
571 4823 673 4888 Notae
697 4825 859 4903 quaedam
883 4824 1065 4901 argumenti
1088 4819 1270 4896 theologici,
1307 4833 1391 4896 quae
1425 4819 1502 4876 item
1538 4817 1772 4874 continuantur

365 4919 398 4977 ln
422 4913 475 4976 lol.
500 4915 623 4976 codicis
646 4913 768 4974 ultimo,

471 5017 490 5080 1.
520 5013 752 5079 rb-2bSermo
776 5015 816 5076 de
840 5016 968 5076 ieiunia.
