3890 5970
1032 543 1092 607 109

358 771 477 816 manus
499 753 592 815 Petri
616 753 778 816 canonici
802 753 972 832 regularis
996 753 1121 815 domus
1145 754 1187 816 de
1210 753 1429 832 Wyttignaw
1459 752 1549 814 alias
1573 753 1615 815 de
1637 753 1764 831 'lrzye-

358 841 428 902 bon
451 844 571 918 scripta
600 840 642 901 ad
673 839 705 902 S.
738 840 922 902 Florianum
954 845 986 902 in
1016 841 1111 903 exilio
1141 858 1169 901 a.
1197 839 1309 902 1422.‹
1340 839 1453 901 »Liber
1475 839 1624 901 eiusdem
1648 856 1763 900 mona·

360 931 475 988 statii«

467 1051 638 1122 Praeligata‚
663 1051 783 1122 alligata
806 1059 892 1122 atque
916 1051 1061 1123 operculis
1085 1051 1270 1121 adglutinata
1292 1057 1362 1106 sunt
1385 1053 1545 1108 membran.
1571 1051 1642 1106 lolia
1664 1055 1766 1106 cuius-

360 1139 428 1194 dam
451 1138 585 1194 breviarii
609 1139 653 1194 vel
677 1139 873 1210 antiphonarii
897 1155 975 1196 saec.
998 1135 1173 1195 Xll-Xlll.
1198 1153 1265 1193 cum
1289 1137 1368 1193 notis
1392 1137 1524 1195 musicis.
1570 1137 1764 1208 praeligatum

360 1234 405 1280 est
427 1225 514 1280 etiam
537 1224 652 1294 insigne
674 1226 745 1283 bibi.
770 1225 1010 1296 Rosenbergicae‚
1045 1241 1081 1280 ex
1105 1241 1162 1295 qua
1187 1226 1291 1280 deinde
1314 1227 1410 1280 codex
1445 1225 1625 1280 monasterio
1657 1223 1768 1279 'lisbo-

362 1313 445 1367 nensi
468 1314 620 1367 restitutus
642 1319 696 1370 est.

470 1513 540 1596 109
982 1512 1011 1589 I.
1042 1512 1167 1589 013.

363 1675 472 1736 chari.
497 1691 530 1736 a.
552 1673 639 1736 1716
656 1671 697 1754 ff.
721 1672 796 1748 481,
817 1673 958 1734 32><21
983 1691 1046 1736 cm.
1071 1674 1105 1736 d.
1128 1693 1173 1736 m.

475 1793 771 1857 »Connotationes
795 1791 982 1871 legationis
1006 1800 1042 1857 et
1064 1801 1221 1857 actorum
1244 1794 1303 1857 SS.
1327 1794 1470 1858 concilii
1487 1793 1682 1856 Tridentini
1706 1811 1771 1871 per

364 1881 553 1959 Georgium
583 1881 748 1943 comitem
778 1879 1011 1944 Drassirovitz
1041 1887 1234 1961 episcopum
1265 1880 1689 1962 Quinque-Ecclesiensem
1725 1882 1769 1941 ad

363 1969 450 2030 idem
474 1969 645 2029 concilium
669 1973 705 2028 ut
734 1967 875 2045 legatum
899 1972 1023 2046 regium
1045 1973 1135 2046 regni
1158 1967 1354 2046 Hungariae,
1371 1967 1603 2046 conscriptae,
1620 1985 1637 2028 e
1654 1985 1769 2028 manu-

365 2059 492 2134 scriptis
516 2053 550 2115 R.
575 2054 607 2116 P.
632 2052 806 2116 Gabrielis
828 2052 1028 2116 lievenessi
1059 2053 1133 2117 Soc.
1166 2055 1245 2116 Jesu
1276 2056 1471 2134 desumptae
1508 2072 1536 2118 a.
1565 2055 1676 2117 itia«
1703 2053 1768 2125 (Ci.

367 2140 509 2215 Schulte‚
534 2139 613 2203 Can.
638 2139 807 2202 Harrdsch.
831 2139 899 2214 36.)

479 2264 581 2322 »Milit
616 2263 728 2322 ordinis
759 2264 980 2336 Crucigerorum
1004 2282 1071 2321 cum
1094 2266 1184 2322 rubea
1206 2267 1291 2322 stella
1313 2267 1449 2337 catalogo
1472 2266 1630 2339 inscriptus
1656 2267 1765 2337 Pragae

368 2371 394 2410 a.
422 2353 533 2410 twa«

476 2537 535 2618 iiii
989 2537 1018 2612 1.
1049 2537 1083 2613 C.
1111 2538 1172 2612 19.

369 2697 479 2758 chari.
502 2713 592 2758 ntox.
609 2697 746 2776 partem
769 2695 1004 2776 dittographus
1024 2712 1112 2757 saec.
1136 2693 1261 2756 XVIII
1266 2694 1314 2775 ff
1338 2696 1391 2770 65,
1412 2696 1460 2757 35
1471 2696 1557 2756 ><22
1579 2714 1641 2758 cua

479 2838 606 2906 (Titulus
630 2853 718 2894 manu
742 2839 893 2895 recentiori
916 2838 1075 2908 inscriptus
1086 2838 1107 2906 z)
1137 2833 1345 2912 Fragmenta
1377 2833 1607 2895 historiarum
1631 2834 1773 2896 urbium

370 2920 505 3000 aliquot
526 2921 700 3000 regiarum
722 2921 910 2984 Bohemiae
945 2921 1071 2995 (videlz
1110 2899 1241 2994 Cislav,
1272 2915 1417 2994 Kouir'm
1440 2917 1615 2999 Vodriany‚
1651 2919 1772 2992 labor,

372 3005 519 3088 Bydiou
543 3007 709 3084 Chrudim,
733 3004 932 3084 Litomeiice,
954 3006 1172 3080 Teuto-Brod
1196 2987 1304 3081 Zatec,
1328 3006 1472 3082 Beroun)
1495 3023 1515 3068 a
1536 3005 1675 3070 Joanne
1695 3007 1773 3070 Flo-

372 3095 472 3157 riano
494 3095 819 3157 Hammerschmied
842 3101 954 3157 curato
976 3092 1154 3174 Teynensi.

481 3220 528 3275 Ad
551 3215 678 3276 Vodrian
701 3222 882 3292 pertinentia,
907 3221 965 3276 alia
987 3237 1076 3276 manu
1101 3223 1219 3290 scripta,
1255 3225 1356 3275 notata
1386 3227 1455 3274 sunt
1485 3235 1593 3289 magna
1624 3234 1659 3273 ex
1690 3227 1771 3289 parte

374 3308 542 3373 bohemice3
566 3314 695 3363 extracta
718 3314 787 3363 sunt
809 3309 886 3362 enim
917 3309 952 3363 de
982 3307 1064 3362 libris
1095 3323 1166 3364 mss.
1198 3308 1229 3362 in
1261 3307 1342 3361 curia
1372 3303 1565 3362 Vodrianensi
1603 3307 1773 3362 asservatis.

373 3395 454 3449 Alter
474 3394 577 3450 titulus
600 3395 738 3464 operculo
760 3409 826 3465 sup.
851 3395 1050 3464 adglutinatus
1074 3393 1121 3449 hic
1145 3399 1205 3449 est:
1234 3392 1414 3448 »Chronicae
1437 3395 1553 3448 urbium
1574 3409 1599 3449 a.
1616 3407 1677 3461 reg.
1695 3391 1769 3449 Boii.

374 3482 404 3536 in
427 3480 625 3551 fragmentis«

482 3665 523 3748 iii
977 3665 1006 3740 I.
1036 3665 1076 3740 C.
1104 3665 1165 3740 20.

378 3808 486 3870 chart.
509 3824 542 3870 a.
565 3805 652 3869 1733
662 3806 710 3888 ff.
733 3805 787 3881 25,
808 3805 949 3868 34><21
977 3824 1041 3869 cm.
1064 3807 1083 3868 Ι
1108 3823 1152 3867 m.

377 3930 652 3992 lustramentum
674 3927 851 4005 pubiicum
873 3927 1048 3990 iohannis
1071 3927 1183 3990 Ritter
1204 3926 1435 4005 protonotarii
1459 3926 1645 4004 apostolici
1660 3927 1780 3987 datum

378 4017 555 4078 Trebonae
589 4013 620 4075 6.
651 4020 739 4091 sept.
773 4012 855 4075 1133
886 4032 992 4092 super
1022 4014 1194 4077 canonica
1224 4013 1466 4076 benedictione
1502 4019 1538 4074 et
1567 4011 1778 4074 infulatione

379 4102 557 4165 adalberti
579 4099 717 4163 Prechtl
739 4101 874 4163 abbatis
898 4102 1067 4164 canoniae
1089 4101 1326 4163 Trebonensis
1349 4117 1429 4164 cum
1444 4098 1604 4178 allegatis
1620 4099 1781 4176 copiatis.

488 4228 630 4298 Aliegatis
652 4226 778 4282 insertae
801 4233 870 4282 sunt
892 4243 1019 4298 german.
1043 4226 1154 4282 litterae
1184 4224 1345 4282 Eleonorae
1369 4227 1563 4297 principissae
1586 4228 1622 4280 de
1646 4223 1783 4280 Schwar-

380 4317 505 4386 zenberg
527 4317 612 4370 datae
638 4313 687 4371 25.
712 4313 762 4382 iul.
790 4313 881 4370 1733.
906 4313 949 4368 Ex
972 4319 1098 4371 monast.
1122 4311 1313 4371 Tiebonensi.

489 4533 548 4614 112
997 4531 1028 4608 I.
1058 4531 1095 4606 C.
1121 4531 1183 4606 21.

383 4677 492 4739 chori.
517 4677 672 4756 exparte
695 4677 931 4756 artiographus
952 4691 1040 4736 saec.
1064 4669 1172 4734 XVII
1177 4672 1225 4753 ff.
1248 4671 1324 4748 143,
1344 4669 1389 4734 34
1401 4670 1486 4732 ><21
1511 4687 1574 4731 cm.

494 4795 663 4859 Bohusiai
685 4795 822 4858 Balbini
844 4795 878 4858 S.
901 4795 932 4858 J.
955 4794 1145 4858 Bohemiae
1168 4794 1290 4857 doctae
1313 4798 1483 4855 tractatus
1506 4790 1546 4852 11.
1570 4795 1605 4851 et
1626 4787 1680 4850 lll.

494 4921 599 4992 Quoad
622 4923 724 4979 codice
747 4928 847 4977 nostro
871 4923 917 4977 usi
941 4922 1000 4977 sint
1023 4923 1148 4977 editores
1172 4921 1267 4992 operis
1290 4915 1457 4973 Balbiniani
1488 4915 1641 4970 Candidus
1673 4921 1701 4968 et
1725 4911 1787 4967 Un-

386 5025 445 5081 gar,
469 5010 654 5080 singulariter
675 5010 896 5078 disquirendum
920 5008 982 5064 crit.
1006 5005 1050 5063 Ex
1073 5015 1200 5063 monast.
1224 5004 1388 5074 Vet.-Prag.
1412 5005 1450 5058 ad
1474 5001 1505 5058 S.
1530 4999 1695 5056 Nicolaum.

1070 5227 1103 5277 38
