3812 5968
1078 561 1142 622 966
1227 633 1232 646 ⁸

508 776 528 840 l.
557 767 759 836 1442--171b
782 768 928 833 Summa
950 771 992 833 de
1020 770 1244 849 poenitentia.
1284 769 1415 832 »Letare
1449 768 1514 831 lilia
1548 767 1659 848 Syon«
1684 769 1718 827 ><
1744 768 1810 829 »ad

403 865 699 942 congregacionem
723 857 867 919 fidelium
891 862 1069 918 restituere.
1115 857 1157 918 Et
1190 861 1237 918 sic
1271 863 1322 918 est
1355 855 1431 917 finis
1456 861 1488 917 in
1512 855 1651 917 Zittavia
1673 873 1731 934 per
1753 873 1809 915 me

403 951 587 1015 Nicolaum
612 949 653 1009 de
675 944 824 1007 Zittavia
845 947 879 1006 in
902 945 954 1005 die
977 944 1132 1022 Anthonij
1158 943 1244 1006 conl.
1269 943 1332 1004 sub
1355 961 1384 1004 a.
1410 943 1441 1005 d.
1460 939 1543 1005 1457
1559 947 1804 1004 concurrente«

508 1054 528 1116 i.
557 1046 759 1113 172²-l8Ob
781 1048 1000 1111 Tractatulus
1023 1049 1065 1110 de
1087 1049 1315 1110 veneratione
1348 1047 1549 1127 imaginum.
1598 1045 1702 1110 »Cum
1725 1063 1811 1106 non-

404 1143 481 1204 nulli
504 1143 593 1218 impii
617 1139 787 1198 homines«
814 1137 847 1192 ><
873 1141 924 1196 »et
946 1137 1065 1196 vexilla
1088 1135 1164 1196 lidei
1181 1134 1373 1196 orthodoxe.
1397 1133 1439 1196 Et
1459 1135 1521 1196 hec
1545 1134 1633 1195 dicta
1656 1132 1696 1193 de
1712 1149 1807 1211 yma-

402 1230 534 1308 ginibus
558 1224 667 1306 quoad
691 1239 828 1302 presens
853 1221 1028 1283 sufficiant.

508 1329 529 1390 i.
557 1325 785 1408 tribub-200⁸
808 1324 992 1405 Expositio
1016 1325 1182 1403 decalogi.
1225 1325 1491 1404 »Preceptorium
1516 1323 1627 1385 Gloria
1649 1327 1691 1384 sit
1713 1325 1806 1384 altis-

406 1421 510 1478 simo«
536 1417 569 1474 ><
596 1432 672 1494 »per
692 1412 782 1474 istud
806 1429 945 1491 presens
969 1413 1160 1474 mandatum
1186 1417 1264 1474 sunt
1279 1412 1454 1491 prohibite;
1469 1414 1601 1472 aculus
1625 1459 1631 1472 .
1652 1457 1661 1472 .
1679 1458 1687 1472 .
1703 1415 1810 1470 trans·

403 1503 650 1584 gressionibus«
678 1505 761 1561 etc:

508 1607 527 1668 l.
554 1603 761 1667 2011-222ι
783 1602 965 1665 'tractatus
989 1605 1031 1664 de
1054 1601 1286 1664 sacramentis
1320 1599 1648 1681 (administrandis).
1697 1598 1807 1678 »Quo-

403 1699 491 1756 niam
515 1692 661 1754 olficium
685 1690 896 1752 sacerdotalis
920 1693 1087 1750 exercicii«
1115 1692 1146 1752 Χ
1174 1693 1308 1769 »quales
1331 1689 1484 1767 descripti
1515 1695 1601 1760 sunt,
1637 1691 1692 1766 qui
1730 1702 1807 1746 cum

405 1787 512 1860 patre«
539 1785 600 1841 etc.
624 1777 723 1852 (Idem
747 1793 833 1856 opus
856 1793 886 1838 v.
911 1776 933 1837 1.
957 1775 994 1838 C.
1018 1775 1069 1837 26.
1094 1774 1114 1836 1.
1144 1775 1205 1850 16).

508 1887 662 1958 Operculis
685 1883 815 1954 adligata
838 1890 907 1939 sunt
930 1883 1092 1954 fragmenta
1108 1885 1229 1942 membr.
1248 1883 1361 1939 codicis
1375 1883 1501 1953 liturgici
1518 1896 1596 1937 saec.
1612 1877 1806 1935 XIII-XIV.

403 1973 545 2030 Codicem
569 1978 702 2028 nostrum
725 1985 836 2028 recens.
861 1969 990 2040 Schulte,
1015 1969 1129 2031 Canon.
1153 1969 1264 2026 Hdsch.
1288 1987 1316 2041 p.
1341 1969 1393 2037 49,
1417 1971 1470 2026 sed
1493 1969 1593 2026 omisit
1607 1967 1715 2034 lliiller,
1739 1965 1807 2020 Pra-

404 2076 454 2132 ger
477 2059 641 2116 Concilien.

507 2225 587 2307 966
869 2224 910 2299 V.
941 2225 986 2300 G.
1013 2225 1075 2300 14.
1104 2240 1149 2304 (Υ.
1168 2240 1218 2293 111.
1236 2242 1261 2293 r.
1279 2233 1374 2294 arr.)

407 2367 517 2429 chart.
539 2383 627 2427 saec.
651 2363 721 2426 XV
743 2366 871 2444 (portes
892 2363 987 2440 1428,
1010 2365 1107 2439 1429,
1130 2365 1229 2444 1453)
1248 2364 1294 2447 ff.
1316 2364 1392 2440 305,
1413 2363 1674 2426 21·5><15cm.
1696 2361 1730 2423 d.
1753 2379 1798 2421 m.

508 2487 528 2548 i.
558 2482 693 2548 l²-l2b
717 2485 875 2565 (anepigr.)
899 2486 1087 2564 (Johannis
1110 2485 1258 2549 rectoris
1281 2488 1423 2550 scholae
1453 2486 1489 2546 in
1517 2484 1676 2562 Plawen)
1706 2481 1806 2543 Trac-

403 2580 499 2636 tatus
524 2575 565 2636 de
590 2572 704 2635 medio
728 2579 825 2635 motu
849 2572 936 2635 solia
967 2579 1002 2634 et
1031 2572 1135 2635 lunae
1165 2573 1281 2635 dictus
1318 2573 1519 2652 »oicreper«
1553 2572 1608 2651 (::
1623 2569 1805 2648 Repercio)

403 2679 484 2723 curn
507 2660 768 2722 commentario.
793 2662 897 2737 (incip.
911 2671 1068 2720 comment.
1079 2665 1102 2734 ι)
1129 2661 1211 2722 »Iste
1235 2661 1322 2734 liber,
1347 2666 1441 2724 cuius
1465 2659 1649 2721 subiectum
1673 2661 1724 2717 est
1739 2673 1805 2716 me-

404 2749 478 2809 dius
502 2753 631 2808 motus«
670 2749 772 2820 (incip.
808 2751 938 2820 textum)
976 2745 1107 2825 »Incipit
1141 2752 1290 2825 oicreper
1321 2755 1431 2809 motus
1470 2748 1550 2807 solis
1582 2752 1616 2805 et
1644 2745 1739 2804 lune«
1766 2743 1805 2818 ><

406 2835 580 2895 »omnibus
603 2834 805 2912 temporibus
828 2837 893 2894 vite
929 2849 998 2894 sue.
1045 2833 1087 2895 Et
1120 2839 1167 2895 sie
1207 2839 1259 2895 est
1293 2833 1368 2896 finis
1402 2835 1501 2895 huius
1534 2831 1724 2894 tractatuli«
1750 2829 1804 2909 (de

403 2928 537 2982 auctore
560 2937 589 2980 ν.
615 2919 656 2981 Χ.
679 2919 715 2980 Ε.
745 2919 783 2980 19
810 2917 832 2981 1.
859 2915 956 2994 133⁵).

507 3023 528 3084 1.
557 3022 712 3083 13·-44“
733 3021 874 3084 Martini
898 3023 955 3100 (de
977 3021 1153 3102 Lancicia)
1185 3023 1357 3086 scholaris
1387 3023 1671 3086 Commentarius
1700 3033 1806 3096 super

408 3110 622 3187 »oicreper«.
649 3108 761 3171 »Circa
784 3114 939 3188 scriptum
964 3109 1157 3190 chreperi«
1177 3113 1210 3168 ><
1229 3112 1288 3173 »Et
1302 3115 1334 3173 in
1350 3113 1413 3172 hoc
1437 3114 1626 3172 terminatur
1649 3111 1802 3186 scripturn

405 3195 568 3275 Oicreperi
592 3195 776 3257 secundum
799 3203 932 3258 autores
956 3203 1046 3277 pn'us
1069 3202 1100 3258 in
1125 3202 1338 3276 exposicione
1367 3202 1556 3276 assignatos
1586 3215 1617 3258 a
1654 3195 1685 3256 d.
1724 3191 1803 3255 1428

403 3283 459 3344 ier.
483 3282 526 3345 Vl
550 3287 700 3361 proxima
722 3289 797 3344 ante
822 3283 1097 3362 purificacionem.
1121 3283 1164 3345 Et
1186 3290 1238 3346 est
1252 3285 1424 3346 collectum
1441 3302 1498 3364 per
1513 3283 1689 3345 Martinum
1706 3296 1803 3360 quen·

403 3371 479 3430 dam
503 3372 710 3448 ingeniosum
735 3371 894 3430 scolarem
919 3379 1057 3448 protunc
1079 3371 1230 3432 videlicet
1251 3389 1281 3433 a.
1306 3372 1337 3432 d.
1365 3371 1447 3432 1428
1469 3372 1580 3432 scolas
1595 3374 1629 3430 in
1645 3368 1725 3430 Leta
1740 3363 1803 3427 Cu-

402 3461 449 3517 ria
471 3461 637 3535 regentem
661 3463 693 3516 et
716 3462 936 3517 resumentem
961 3458 1100 3518 eandem
1134 3459 1291 3520 lecturam
1315 3474 1390 3519 cum
1415 3463 1506 3520 textu
1529 3461 1599 3518 suis
1624 3454 1797 3532 discipulis.

400 3543 441 3604 Et
464 3544 549 3603 ultra
572 3559 601 3603 a.
628 3539 711 3603 1429
734 3541 789 3603 fer.
814 3542 851 3604 Ill
875 3547 907 3604 in
930 3543 1016 3604 festo
1040 3543 1147 3605 Pn'sce
1171 3549 1364 3624 rescriptum
1387 3550 1439 3605 est
1461 3561 1519 3622 per
1541 3543 1709 3622 quendam
1735 3543 1798 3599 exi·

400 3631 463 3691 lem
488 3629 648 3690 scolarem
671 3628 814 3690 Petrum
835 3635 985 3707 protunc
1006 3638 1180 3692 rectorem
1211 3633 1387 3693 scolarum
1417 3631 1454 3691 in
1483 3629 1641 3692 Hradecz
1674 3625 1798 3704 Regine

402 3733 502 3794 supra
524 3715 681 3776 Albium«

434 3869 436 3876 ¹
505 3801 526 3863 f.
550 3798 714 3863 «ill-53·
736 3806 895 3878 (anepigr.)
917 3801 1066 3865 Lectura
1089 3820 1195 3881 super
1217 3803 1428 3866 cirometrali
1451 3803 1585 3865 maiori.
1635 3799 1699 3864 »Ut
1721 3801 1796 3860 solis

401 3894 435 3949 et
457 3889 532 3949 lune
555 3895 675 3949 motus.
722 3890 786 3950 Iste
821 3895 873 3950 est
896 3890 1065 3952 secundus
1089 3891 1169 3951 liber
1191 3892 1415 3960 cirometralis,
1439 3895 1494 3970 qui
1518 3891 1698 3969 appellatur
1720 3891 1796 3948 ciro·

402 3976 544 4036 metralis
569 3979 689 4036 maior«
717 3978 750 4034 ><
776 3979 881 4037 »circa
903 3984 1015 4039 notata
1038 3980 1221 4055 Oicreperi«

506 4061 526 4122 1.
550 4057 713 4124 5⁴l·-68b
737 4060 924 4141 (Johannis
948 4064 990 4125 de
1012 4062 1172 4138 Polonia)
1195 4063 1391 4142 Computus
1406 4063 1581 4125 manualis
1605 4081 1686 4127 cum
1708 4081 1797 4126 com·

401 4146 582 4209 mentario.
609 4147 688 4209 »Est
711 4148 832 4227 duplex
855 4151 976 4211 ciclus«
1002 4153 1191 4223 (comment.
1204 4149 1225 4230 ε)
1262 4151 1345 4212 »lste
1376 4150 1454 4212 liber
1476 4155 1571 4212 cuius
1596 4152 1793 4213 subiectum«

402 4235 435 4292 ><
462 4233 589 4295 »finitur
612 4237 734 4297 lectura
764 4252 863 4314 super
885 4242 1040 4315 compoto
1064 4239 1206 4298 manuali
1222 4241 1379 4316 rescripta
1392 4256 1421 4298 a.
1439 4237 1470 4305 d.
1489 4237 1573 4299 1429
1588 4255 1647 4318 per
1661 4237 1797 4300 Petrum

401 4321 518 4381 exilem
543 4322 702 4382 scolarem
726 4328 863 4400 protunc
886 4326 961 4395 (etc.
986 4329 1022 4384 ut
1044 4327 1184 4402 supra).
1204 4371 1211 4386 .
1231 4372 1239 4385 .
1258 4323 1312 4385 ier.
1337 4323 1379 4387 IV
1401 4329 1433 4385 in
1457 4329 1577 4386 ieiunio
1600 4333 1677 4404 post
1699 4327 1797 4385 dorni·

401 4411 508 4468 nicam
536 4405 785 4470 Reminiscere.«

505 4492 526 4554 1.
550 4493 735 4555 691-126*
757 4493 954 4574 (Eiusdem)
984 4495 1104 4559 Massa
1134 4497 1288 4575 computi
1319 4499 1377 4560 vel
1411 4497 1607 4577 Computus
1641 4499 1799 4562 ecclesia·

401 4578 514 4641 sticus
537 4597 618 4641 cum
639 4582 901 4644 commentario.
917 4585 1095 4656 (commem.
1107 4588 1129 4657 z)
1152 4582 1257 4662 »Quia
1275 4589 1490 4646 communiter
1505 4586 1639 4646 dicitur«
1658 4591 1796 4660 (textum)

405 4665 512 4726 »Licet
535 4667 635 4728 modo
658 4671 690 4729 in
713 4667 797 4729 fine«
824 4670 857 4727 ><
882 4670 1027 4732 »linitum
1051 4671 1114 4731 hoc
1138 4687 1224 4750 opus
1247 4670 1360 4732 Masse
1380 4719 1386 4732 .
1407 4723 1413 4734 .
1433 4719 1441 4734 .
1461 4673 1538 4747 libri,
1574 4678 1630 4752 qui
1654 4679 1797 4736 securius
1882 4683 1883 4717 ἐ

401 4751 517 4813 dieitur
540 4756 812 4816 ecclesiasticus«

505 4837 527 4898 1.
555 4839 757 4902 1261-127ι
780 4839 933 4921 Sequitur
954 4847 1211 4904 commentarius
1234 4847 1266 4905 in
1291 4844 1405 4905 librum
1440 4845 1691 4923 praecedentem
1724 4861 1796 4906 cum

401 4925 465 4985 hoc
490 4925 572 4986 fine:
599 4927 656 4988 »A.
681 4927 712 4990 d.
739 4927 822 4990 1428
856 4930 996 4990 sabbato
1019 4935 1096 5008 post
1118 4929 1238 4991 lestum
1264 4928 1394 5008 Georgii
1428 4935 1460 4992 in
1494 4937 1585 4993 curia
1623 4933 1795 5012 plebanis.

401 5009 506 5088 Egidii
529 5029 587 5090 per
607 5011 750 5076 Petrum
773 5017 938 5093 quendam
962 5019 1079 5078 exilem
1104 5018 1275 5087 scolarem,
1293 5021 1347 5097 qui
1364 5020 1585 5096 resignaverat
1600 5021 1666 5081 iam
1682 5019 1795 5080 ibidem

1075 5241 1127 5291 400
