3820 5966
1015 631 1082 692 538

453 834 473 896 i.
503 830 704 896 168²--193b
729 835 918 914 (iohannis
940 839 984 901 de
1007 837 1232 918 Gariandiai)
1270 839 1374 902 Liber
1408 839 1560 917 quinque
1594 837 1750 900 clavium

344 921 538 1000 sapientiae
554 937 633 984 eum
649 922 876 999 expositione.
890 928 994 1000 (lncip.
1011 931 1129 1001 expos.)
1145 925 1383 1006 »Philosophus
1400 927 1476 988 dicit
1487 925 1523 986 2⁰
1537 925 1747 987 Ethicorum«

346 1007 507 1086 (Incipiunt
528 1011 666 1083 versum)
692 1007 805 1070 »Utilis
829 1017 880 1071 est
903 1012 1038 1073 rudibus
1061 1018 1223 1091 presentis
1246 1029 1326 1074 cura
1341 1013 1454 1074 libelli«
1473 1015 1506 1072 Χ
1525 1016 1616 1074 »ocia
1631 1015 1745 1090 querit.

345 1093 386 1156 Et
408 1098 440 1156 in
464 1096 527 1156 hoc
549 1098 738 1157 terminatur
768 1101 937 1175 exposicio
960 1103 1104 1180 quinque
1128 1100 1278 1172 clavium,
1303 1115 1362 1178 pro
1385 1115 1452 1179 quo
1476 1103 1517 1160 sit
1539 1099 1612 1162 laus
1633 1104 1666 1159 et
1680 1099 1749 1175 glo-

345 1185 391 1242 ria
414 1181 507 1244 deo«
534 1179 596 1260 (De
620 1187 751 1244 auctore
775 1183 816 1244 cl.
840 1183 912 1246 cod.
938 1185 976 1246 X.
1004 1185 1038 1246 F.
1062 1185 1105 1248 24
1129 1185 1149 1248 1.
1173 1185 1240 1261 67.)

452 1305 494 1360 De
528 1306 585 1363 hoc
619 1307 720 1363 codice
754 1309 895 1378 imprimis
929 1311 963 1364 de
988 1311 1106 1381 hymnis
1128 1309 1271 1381 prolixius
1294 1309 1422 1366 disserui
1447 1313 1475 1365 ln
1499 1305 1624 1365 Vistnik
1647 1291 1682 1364 E.
1706 1307 1744 1365 Α.

348 1391 428 1450 1898
453 1409 480 1463 p.
507 1392 577 1449 521.
602 1393 696 1450 Vetus
719 1395 794 1464 sign.
819 1393 851 1464 F,
880 1395 926 1451 15.

449 1575 532 1658 538
809 1579 880 1654 lll
910 1581 954 1655 G.
982 1581 1043 1656 13.
1072 1597 1117 1662 (r.
1137 1599 1159 1649 1.
1177 1599 1201 1649 2.
1220 1614 1246 1650 n.
1266 1599 1319 1662 12.)

346 1717 455 1778 chart.
479 1735 512 1779 a.
535 1717 621 1779 1444
634 1715 683 1796 ff.
707 1719 773 1781 188
793 1737 896 1792 num„
919 1720 959 1781 21
974 1720 1065 1782 ><15
1083 1738 1146 1782 cm.
1174 1721 1192 1782 1
1218 1739 1262 1782 m.

253 1858 256 1868 ·
343 1837 447 1900 Alani
470 1837 513 1901 de
534 1837 662 1900 insulis
685 1839 976 1904 Andclaudianus
1000 1858 1044 1904 ex
1067 1849 1165 1920 parte
1188 1843 1441 1906 commentario
1472 1847 1508 1904 et
1529 1842 1659 1921 glossis
1683 1844 1746 1905 bo-

442 1925 589 1987 hemicis
612 1925 816 2003 instructus,
840 1928 1077 2006 subsequente
1108 1927 1314 2007 compendio
1338 1929 1496 1992 eiusdem
1519 1929 1646 2006 operis.

454 2045 474 2107 i.
503 2047 534 2108 l·
555 2047 723 2122 (Prologus)
750 2047 853 2110 »Cum
878 2048 1019 2110 fulminis
1044 2054 1185 2128 impetus
1208 2054 1295 2111 vires
1318 2067 1399 2111 suas
1422 2049 1607 2128 expendere
1632 2052 1747 2130 dedig÷

345 2137 470 2192 netur«.
496 2133 515 2194 l.
539 2134 576 2193 4·
601 2133 770 2212 (Praelatio)
797 2136 974 2196 »Autorum
999 2137 1150 2198 mendico
1179 2139 1288 2198 stilum
1305 2137 1489 2217 falerasque
1506 2143 1633 2215 poete«.
1650 2137 1745 2216 (Cap.

348 2218 379 2289 11
406 2216 470 2280 »Ut
493 2221 553 2281 sibi
577 2224 687 2282 iuncta
709 2226 834 2299 magis«
862 2225 894 2279 ><
917 2227 938 2284 1.
967 2222 1042 2285 171⁸
1070 2222 1307 2302 »Supplantare
1323 2239 1430 2286 novas
1454 2225 1568 2285 saltem
1587 2225 1747 2302 postlata

345 2304 459 2368 silebit.
483 2305 622 2385 Explicit
643 2308 817 2387 Antilogus
840 2307 1194 2384 Claudi-feliciter-Ani‚
1220 2311 1239 2374 l.
1267 2307 1344 2373 lili’
1361 2310 1467 2389 Quem
1484 2317 1599 2372 contra
1615 2309 1745 2373 Claudi-

344 2389 546 2454 iacit-Anum
571 2394 686 2456 doctor
708 2396 834 2456 Alanus
858 2401 917 2457 etc.
942 2395 1003 2457 Hic
1026 2403 1077 2458 est
1100 2397 1153 2458 hic
1176 2397 1282 2464 heres,
1307 2398 1397 2476 quod
1421 2413 1498 2458 eum
1522 2414 1589 2457 non
1604 2397 1744 2460 aulierat

344 2483 423 2538 etas.
448 2480 546 2541 Anno
570 2481 600 2540 d.
629 2481 712 2542 1444
734 2497 832 2542 nema
855 2483 1003 2544 nemalos
1028 2495 1081 2552 l:
1095 2501 1191 2545 amen
1216 2483 1388 2560 solamen).

451 2599 471 2660 l.
501 2600 701 2664 liae-188⁸
726 2601 980 2681 compendium
1002 2603 1262 2667 Anticlaudiani
1288 2603 1463 2683 »Magister
1477 2604 1648 2685 quondam
1664 2607 1745 2666 Ala-

344 2701 408 2746 nus
431 2689 462 2746 in
487 2690 596 2748 multis
620 2692 772 2750 scienciis
796 2694 936 2767 peritus«
964 2693 996 2748 ><
1024 2695 1073 2751 »in
1097 2692 1198 2752 altum
1222 2695 1385 2769 captivam
1403 2693 1496 2752 duxit
1511 2697 1747 2772 captivitatem,

345 2776 398 2849 qui
422 2777 500 2834 vivit
522 2780 554 2834 et
577 2781 689 2854 regnat
716 2781 795 2837 etc«

450 2897 482 2953 In
506 2898 555 2956 iol.
580 2900 683 2956 ultimo
706 2915 766 2956 non
791 2917 870 2959 num.
894 2905 968 2957 inter
991 2905 1088 2957 varios
1111 2904 1195 2958 lusus
1219 2903 1325 2957 calami
1348 2909 1507 2958 occurrunt
1540 2903 1649 2957 formae
1684 2917 1746 2956 me-

342 2985 425 3039 dicae
449 2985 617 3042 bohemicae
645 2987 804 3042 »Czrwena
826 2989 982 3059 lebedkru,
1009 2991 1161 3060 »konssky
1184 2991 1351 3060 styewyk«.

446 3186 527 3268 539
790 3188 861 3265 III.
891 3191 936 3264 G.
965 3190 1026 3265 14.
1044 3205 1090 3270 (r.
1109 3205 1130 3258 l.
1149 3207 1173 3257 2.
1192 3223 1217 3257 u.
1238 3207 1274 3269 4.)

341 3341 446 3404 chari.
470 3361 557 3406 saec.
581 3343 831 3428 XIV—XVff
861 3349 927 3410 125
947 3365 1051 3423 raram„
1073 3349 1112 3409 21
1129 3349 1218 3411 ><15
1227 3365 1290 3410 cm.
1314 3349 1346 3410 d.
1374 3365 1419 3408 m.

310 3493 315 3503 ·
427 3479 446 3540 l.
475 3481 615 3545 1-100Ι
637 3481 739 3544 Alani
763 3481 805 3542 de
828 3480 957 3545 insulis
981 3485 1274 3548 Anticlaudianus
1296 3503 1377 3549 cum
1408 3486 1631 3564 expositione
1654 3503 1746 3548 mar·

340 3564 447 3642 ginali
469 3574 505 3629 et
527 3567 750 3632 interlineari.
799 3569 969 3631 »Auctoris
1005 3573 1157 3633 mendico
1191 3575 1319 3634 stilum«
1358 3575 1395 3632 ><-
1417 3574 1552 3634 »saltem
1576 3579 1654 3651 post
1676 3573 1745 3634 iata

341 3652 455 3713 silebit.
480 3653 619 3734 Explicit
642 3655 922 3734 Prdyclaudianus
947 3663 1016 3718 sive
1042 3659 1336 3722 Anthiclaudianus
1361 3661 1401 3721 de
1426 3659 1676 3721 Anthirulfino.‹

448 3757 468 3819 l.
497 3755 572 3820 100b
597 3759 753 3838 Prologus
776 3764 884 3837 operis
908 3763 1143 3838 praecedentis.

449 3861 469 3923 l.
498 3861 554 3926 101
581 3862 684 3926 Notae
707 3870 826 3926 variae.

450 3964 470 4026 l.
499 3965 703 4029 roae-120·
725 3967 907 4047 (Matthiae
930 3969 1113 4032 cuiusdam
1124 3971 1153 4049 i)
1177 3971 1459 4034 Commentarius
1475 3971 1513 4032 in
1536 3976 1744 4050 computum

340 4049 617 4115 ecclesiasticum
639 4054 879 4118 versificatum
903 4055 1091 4134 (lobannis
1115 4058 1157 4120 de
1173 4057 1425 4136 Sacroboscoi)
1453 4057 1560 4119 »Fecit
1575 4059 1659 4119 deus
1676 4059 1743 4118 duo

340 4139 509 4200 luminaria
531 4156 670 4218 magna«
696 4144 728 4200 ><
752 4142 773 4204 i.
802 4141 877 4204 120l
904 4149 1062 4221 »apposui
1079 4143 1135 4204 fini
1153 4145 1250 4206 huius
1267 4149 1443 4206 commenti
1460 4145 1615 4216 tabulam,
1640 4161 1741 4223 quam

339 4228 409 4302 cepi
433 4243 461 4284 a.
486 4224 516 4286 d.
545 4225 625 4288 1367
647 4227 864 4306 ...Explicit
888 4236 1077 4291 comentum
1101 4232 1314 4293 ecclesiastici
1338 4230 1458 4293 Mathia
1483 4230 1524 4292 de
1557 4237 1589 4292 et
1612 4237 1737 4292 cetera«

341 4307 428 4392 (sic).

449 4431 469 4492 l.
498 4430 700 4495 1202-1251‘
724 4438 882 4509 (anepigr.)
906 4433 1186 4500 Commentarius
1217 4439 1253 4500 in
1276 4439 1412 4514 librum,
1437 4439 1494 4516 qui
1518 4443 1667 4500 vocatur
1687 4437 1741 4499 In-

339 4517 460 4580 censio
482 4519 655 4595 punctalis
678 4521 735 4582 vel
768 4521 935 4584 Judaicus
969 4533 1165 4602 computus.
1214 4524 1325 4588 »Luna
1354 4533 1406 4586 est
1439 4527 1519 4586 solis
1553 4525 1681 4586 emula«
1707 4525 1740 4581 Χ

343 4605 450 4682 »quod
475 4609 620 4683 premisit
641 4613 756 4668 auctor
777 4613 808 4668 in
833 4611 990 4686 principio
1014 4611 1107 4671 libelli
1132 4611 1265 4673 dicens:
1288 4617 1393 4692 ipsius
1416 4629 1470 4673 ars
1495 4619 1555 4674 etc.
1580 4610 1644 4673 deo
1667 4629 1739 4690 gra·

340 4694 418 4764 cias,
443 4696 545 4753 etsie
569 4698 620 4753 est
643 4693 747 4754 linis.‹

447 4815 606 4872 Dimidium
636 4818 683 4878 sol.
723 4819 857 4874 ultimum
880 4819 1047 4896 abscissum
1071 4831 1124 4882 est.
1148 4823 1221 4879 Item
1244 4825 1325 4879 deest
1348 4824 1422 4879 inter
1445 4825 1474 4880 li.
1500 4825 1518 4880 3
1543 4831 1571 4878 et
1594 4824 1613 4879 4
1636 4823 1737 4878 lolium

339 4919 439 4958 unum.
463 4901 578 4958 Titulus
605 4903 766 4961 »iudaicus
789 4911 963 4976 computus«
990 4914 1109 4965 notatus
1132 4918 1177 4966 est
1199 4914 1228 4966 ln
1247 4911 1385 4982 operculo
1402 4907 1554 4982 superiori.
1579 4909 1662 4967 Sacc.
1679 4903 1739 4963 XV

339 4990 433 5045 codex
457 4995 517 5044 erat
539 4991 655 5060 plebani
680 4992 845 5061 cuiusdam,
869 4993 919 5062 qui
942 5007 1102 5064 expensam
1125 5003 1153 5052 et
1176 5002 1327 5069 acceptam
1342 5001 1496 5068 pecuniam
1520 4997 1549 5052 in
1573 4997 1649 5066 libro
1665 5009 1735 5067 pas·

337 5078 392 5132 sim
416 5079 577 5134 annotavit.
601 5076 711 5133 ibidem
735 5080 924 5134 nominantur
944 5080 1030 5136 villae
1055 5079 1226 5154 Nemoyow,
1251 5083 1392 5154 supano,
1417 5083 1556 5143 Sobkow.

1011 5303 1062 5352 alo
