3820 5960
787 563 850 624 673

224 775 257 831 ln
280 775 418 848 operculo
441 790 539 846 super.
563 775 741 832 intrinsecus
764 775 840 831 tituli
865 790 985 846 operum
1008 778 1051 830 sic
1075 780 1230 833 notantur:
1258 773 1361 830 »Liber
1384 777 1438 830 iste
1452 789 1524 830 con·

118 862 191 918 tinet
214 863 307 933 primo
331 865 519 918 auctoritates
549 868 720 918 sanctorum
743 863 898 919 doctorum
921 863 1108 930 concordate,
1139 861 1211 917 Item
1234 875 1324 932 super
1346 867 1408 917 tota
1432 861 1523 917 biblia

117 955 256 1021 excerpta
283 950 390 1005 bona«

224 1118 303 1198 672
577 1116 646 1193 IV.
674 1117 723 1193 D.
750 1117 812 1191 18.
840 1133 885 1198 (x.
903 1133 925 1184 r.
942 1135 967 1184 a.
980 1149 1006 1183 n.
1024 1131 1079 1198 aa.)

118 1275 229 1338 chart.
251 1293 339 1338 saec.
363 1275 449 1339 XIV
468 1293 514 1339 ex.
539 1276 638 1358 (pars
659 1295 692 1338 α.
715 1274 814 1354 1389)
826 1274 872 1357 ff.
895 1275 961 1340 358
983 1293 1087 1348 uum„
1110 1274 1281 1338 29·5><21
1307 1292 1370 1337 can.
1393 1275 1479 1336 Zm.

228 1397 248 1458 Ι.
278 1393 394 1459 1-361’
434 1397 601 1460 Bernardi
643 1395 935 1460 claraevallensis
981 1395 1169 1460 Sermones
1209 1411 1316 1474 super
1349 1394 1523 1474 psalmum

121 1483 211 1563 »Qui
240 1484 403 1546 habitat«,
431 1483 634 1546 »Considero
659 1485 803 1546 laborem
838 1489 1003 1545 vestrum«
1030 1485 1064 1543 ><
1089 1485 1249 1545 »salutare
1283 1490 1376 1544 tuum
1407 1482 1523 1544 Jesum

118 1577 212 1632 tuum
247 1571 417 1632 dominum
448 1577 608 1639 nostrum,
643 1575 698 1650 qui
729 1578 788 1632 etc.
821 1570 910 1632 Finis
942 1570 1120 1631 Bemhardi
1151 1586 1250 1649 super
1272 1571 1436 1648 psalmum
1460 1568 1523 1648 Qui

118 1658 273 1719 habitat«

228 1744 248 1812 i.
273 1739 430 1806 37⁸-80t
453 1743 633 1806 Wilheimi
654 1742 866 1806 Parisiensis
890 1742 1088 1805 cancellarii
1109 1741 1335 1804 Postillarum
1349 1746 1521 1820 excerpta.

120 1829 227 1894 »Cum
250 1835 547 1911 appropinquasset
568 1829 686 1892 iesus«
713 1834 746 1888 ><
772 1836 823 1892 »et
844 1847 907 1892 vos
931 1846 1018 1892 nunc
1042 1833 1207 1891 tristiciam
1231 1830 1388 1892 habetis«

230 1917 251 1979 Ι.
274 1913 434 1980 sot-83·
466 1921 602 1992 (rubric.)
642 1917 856 1980 »Collectum
891 1917 1058 1997 quoddam
1093 1916 1136 1978 de
1169 1915 1416 1980 communione
1450 1915 1523 1994 lay·

117 2021 241 2066 corum
265 2021 327 2082 per
355 2004 536 2067 doctores«
572 2003 752 2083 »Queritun
776 2021 819 2065 an
843 2020 985 2082 persona
1019 2003 1113 2083 layca
1137 2007 1242 2081 possit
1265 2003 1403 2082 singuiis
1427 2006 1522 2082 septi-

117 2095 227 2152 manis
252 2095 418 2169 suscipere
442 2108 563 2170 corpus
587 2091 716 2154 Christi.
750 2089 904 2152 Dimissis
928 2091 1070 2151 articulis
1093 2095 1207 2151 contra
1229 2090 1409 2152 videndum
1434 2090 1522 2168 quod

118 2183 178 2239 sit«
207 2179 241 2235 ><
267 2195 371 2257 »pena
394 2181 567 2257 purgatorii
592 2195 650 2257 pro
675 2185 810 2256 peccato
835 2177 944 2238 debita
967 2177 1116 2240 donatur.
1141 2177 1248 2238 Arnen
1273 2178 1450 2238 solamen«

229 2264 249 2325 i.
285 2264 462 2326 84⁸-l88·
495 2263 629 2326 Nicolai
660 2263 702 2326 de
737 2262 884 2327 Gorram
918 2262 1201 2326 Commentarius
1237 2279 1344 2342 super
1379 2261 1524 2325 Cantica

117 2351 347 2413 canticorum.
384 2351 662 2413 »Benedicciones
698 2351 787 2412 dabit
820 2351 1002 2429 legislator«
1036 2353 1069 2410 ><
1096 2349 1253 2430 »Explicit
1286 2349 1391 2411 Gorra
1425 2365 1524 2427 super

118 2443 250 2499 cantica
280 2441 479 2499 canticorum
503 2437 614 2500 linitus
638 2437 677 2500 ΙΙΙ
701 2438 756 2498 ier.
781 2444 858 2516 post
888 2436 1008 2499 festum
1033 2453 1059 2500 s.
1084 2435 1231 2516 Procopii
1254 2453 1283 2499 a
1309 2436 1339 2500 d.
1366 2434 1519 2514 138(9r)«

119 2523 300 2598 (Dimidius
323 2541 480 2586 numerus
510 2526 644 2585 ultimus
668 2529 700 2585 et
723 2540 806 2603 quae
831 2528 1014 2602 sequuntur
1037 2525 1138 2586 cultro
1162 2527 1275 2584 excisa
1298 2529 1385 2585 sunt.
1409 2521 1523 2600 Unger

119 2617 151 2672 in
174 2611 302 2672 Balbini
326 2611 406 2672 Boh.
432 2612 531 2673 docta
553 2611 601 2682 ΙΙΙ,
624 2611 666 2672 82
690 2611 789 2672 habet
814 2609 922 2684 1389.)

229 2697 249 2758 i.
278 2693 477 2760 iser-358⁸
500 2696 657 2776 Gregorii
680 2713 790 2776 papae
812 2697 827 2759 Ι
848 2695 1023 2759 Homiliae
1054 2711 1161 2774 super
1182 2695 1408 2759 Ezechielem.
1447 2694 1523 2757 »Di-

119 2787 301 2846 lectissimo
324 2785 411 2846 fratri
433 2784 614 2848 Mariniano
638 2789 815 2863 episcopo«
837 2781 865 2848 Χ
884 2783 1041 2862 »Explicit
1063 2784 1142 2844 liber
1157 2787 1379 2862 exposicionis
1395 2783 1427 2843 b.
1444 2781 1522 2843 Gre-

117 2875 199 2950 gorii
226 2888 309 2950 pape
340 2887 439 2949 super
460 2871 667 2933 Ezechielem
691 2872 893 2950 prophetam.
926 2868 1051 2933 Omelie
1074 2873 1106 2930 in
1130 2886 1268 2932 numero
1290 2873 1402 2948 viginti
1425 2870 1519 2930 dues

118 2957 276 3038 Sequitur
298 2961 467 3036 registrum
492 2958 680 3019 earundem.

225 3161 305 3245 673
583 3163 653 3238 IV.
681 3164 729 3238 D.
758 3163 818 3238 19.
846 3179 890 3244 (Y.
909 3179 1006 3233 aaa.
1025 3181 1078 3244 os.)

117 3304 231 3366 chart.
253 3321 340 3366 saec.
364 3302 451 3365 XIV
469 3321 515 3366 ex.
541 3301 638 3388 (pars
660 3322 692 3365 α.
717 3303 873 3386 raahff.
898 3304 962 3368 134
984 3322 1088 3382 num,
1110 3302 1282 3366 29·5><21
1309 3320 1372 3365 cm.
1397 3303 1429 3365 d.
1453 3321 1497 3364 m.

229 3423 250 3486 Ι.
278 3424 395 3486 1-59·
416 3424 678 3504 Sequentiarius
702 3443 767 3488 seu
788 3425 974 3488 Proscrius
996 3424 1327 3487 latino-bohemicus
1349 3428 1521 3487 continens

117 3515 361 3590 expositionem
392 3529 563 3590 prosarum
595 3530 652 3593 per
682 3513 838 3574 circulum
872 3516 949 3574 anni
987 3513 1119 3574 latinam
1150 3527 1226 3572 cum
1259 3515 1520 3590 interpretatione

116 3599 301 3660 bohemica.
329 3597 535 3660 »Memoriale
559 3606 651 3661 tuum
675 3603 707 3660 in
730 3603 965 3678 generacione«
992 3602 1026 3657 ><
1052 3597 1209 3677 »Explicit
1231 3599 1310 3659 liber
1332 3603 1468 3677 prosarii
1491 3605 1522 3659 et

116 3688 289 3763 exposicio
312 3689 416 3764 ipsius
440 3703 498 3762 per
520 3702 640 3748 manus
663 3689 740 3760 (sic)
763 3685 874 3747 finitus
897 3703 927 3746 a.
952 3685 983 3746 d.
1011 3683 1091 3746 1381
1117 3689 1266 3764 proxima
1288 3684 1367 3747 seria
1389 3683 1431 3746 lV
1447 3691 1522 3746 ante

114 3770 242 3833 iestum
266 3789 293 3832 s.
317 3771 512 3834 Benedicti«
545 3765 759 3835 Sekvenciai
788 3767 1067 3851 latinsko·cesk5¹
1100 3772 1135 3850 (z
1169 3773 1283 3849 rukop.
1319 3770 1520 3850 Opavslreho

115 3859 196 3937 vyd.
222 3857 261 3920 V.
285 3857 396 3920 Hauer
416 3876 440 3919 v
462 3857 538 3921 List.
564 3859 684 3938 filolog.
711 3858 793 3921 1895
816 3876 837 3919 a
863 3858 968 3935 1896).

229 3961 248 4022 i.
273 3957 433 4048 69δ-68Ι
457 3960 635 4025 Sermones
657 3964 788 4042 aliquot,
813 3968 889 4042 post
911 3979 996 4042 quos
1020 3963 1086 4025 duo
1110 3961 1186 4024 lolia
1208 3966 1322 4024 excisa
1344 3969 1432 4024 sunt.

224 4064 245 4125 Ι.
268 4064 452 4127 692-1192
475 4065 734 4128 concordantia
754 4065 887 4128 veteris
911 4070 946 4128 et
968 4065 1053 4129 novi
1064 4065 1277 4128 testamenti.
1302 4063 1415 4139 »Nota
1432 4066 1521 4145 quod

116 4169 174 4231 per
199 4157 304 4212 totum
328 4153 443 4213 librum
468 4169 599 4232 semper
622 4152 685 4212 due
709 4153 842 4214 historie
866 4155 985 4214 veteris
1009 4159 1041 4213 et
1063 4169 1166 4214 unum
1196 4157 1414 4231 ewangelium
1445 4157 1521 4214 novi

114 4242 304 4299 testamenti
324 4289 331 4302 .
351 4287 358 4301 .
378 4243 502 4302 ,unius
525 4243 657 4300 materie
681 4240 953 4301 concordanciam
968 4240 1279 4318 comprehendunt«
1299 4240 1425 4320 (Incip:)
1446 4237 1522 4300 »Le-

112 4329 202 4403 gitur
226 4329 257 4386 in
280 4331 410 4404 genesi«
437 4327 471 4385 ><
496 4325 653 4404 »Explicit
675 4326 917 4388 concordancia
937 4332 1001 4387 vet.
1026 4333 1058 4387 et
1080 4328 1157 4388 novi
1180 4331 1273 4387 test«

228 4427 247 4490 i.
277 4423 476 4491 liiii-126b
506 4427 687 4492 Tractatus
720 4430 762 4491 de
791 4444 937 4508 corpore
967 4428 1108 4492 Christi.
1145 4428 1198 4492 »In
1232 4433 1364 4492 nomine
1399 4431 1520 4491 domini

115 4515 238 4576 Amen.
263 4513 414 4577 Ezechiel
436 4519 468 4577 in
491 4519 618 4578 visione
642 4515 712 4576 dei«
739 4517 772 4573 ><
797 4519 911 4577 »sicuti
934 4521 1040 4578 estin
1065 4517 1200 4596 speculo
1224 4523 1333 4578 eterne
1356 4517 1518 4588 claritatis

114 4602 208 4680 quod
233 4606 302 4681 ipse
326 4609 470 4680 prestare
494 4602 653 4681 dignetur,
677 4605 750 4681 qui«
777 4609 836 4664 etc.
861 4601 990 4680 (Eidem
1014 4605 1175 4681 opusculo
1198 4607 1230 4666 in
1254 4604 1326 4666 cod.
1351 4603 1399 4664 ΙΙΙ.
1424 4601 1452 4663 D
1481 4601 1519 4664 13

113 4695 147 4750 et
169 4687 212 4754 V.
237 4687 275 4752 C.
302 4688 340 4750 19
363 4689 546 4750 inscribitur
572 4687 731 4754 »Victoria
754 4688 876 4764 iidem.)

227 4792 248 4852 Ι.
277 4791 478 4855 izv-128¹>
509 4792 697 4872 Physiologi
729 4794 852 4874 aliquot
883 4809 1002 4855 versus
1032 4799 1171 4874 expositi
1203 4810 1280 4856 curn
1303 4793 1374 4854 rudi
1398 4797 1521 4872 pictura

113 4883 146 4940 in
171 4878 250 4954 line,
286 4895 351 4958 qua
381 4885 571 4959 proponitur
605 4897 716 4959 pugna
749 4881 1001 4942 monachicum
1026 4883 1165 4944 diabolo,
1199 4879 1265 4944 Sed
1289 4884 1415 4960 pictura
1438 4880 1521 4940 haec

113 4969 286 5027 excisione
309 4966 404 5027 valde
427 4967 518 5028 laesa
540 4971 599 5028 est.

227 5053 246 5114 Ι.
276 5051 478 5114 1292-134b
503 5051 681 5116 Sermones
703 5057 792 5114 varii.

795 5275 845 5328 269
