3890 5970
1527 599 1561 652 IX

157 825 382 888 agnoscemus
406 809 546 890 prr'stini
576 810 731 873 thesauri
758 810 928 873 librorum
959 829 1068 876 rnanu
1089 815 1303 895 scrt'piorum,
1335 813 1457 893 quibus
1479 811 1561 873 olim

156 911 391 975 universitatis
413 913 554 993 collegio
572 913 824 995 gloriabantur,
847 918 1012 994 quartam
1034 919 1163 980 tantum
1180 919 1315 998 partem
1336 919 1516 998 superesse.

262 1018 307 1078 At
328 1017 486 1084 damnum
508 1017 572 1081 hoc
588 1022 662 1096 quis
679 1017 775 1080 nobis
794 1019 919 1082 intulit?
941 1021 1052 1083 Patres
1071 1019 1106 1083 S.
1121 1021 1148 1086 J.
1172 1026 1203 1083 in
1220 1025 1381 1100 propriam
1405 1022 1560 1082 librorum

159 1121 392 1200 supellectilem
415 1128 481 1184 tam
504 1122 716 1184 vehementer
738 1127 909 1198 saeviisse,
932 1130 969 1186 ut
992 1130 1040 1186 tot
1067 1126 1200 1188 codices
1232 1140 1333 1186 manu
1364 1127 1473 1204 scripti
1506 1124 1561 1184 de·

159 1229 320 1305 perierint,
342 1243 406 1288 nec
427 1229 550 1289 ratione
573 1243 635 1288 nec
658 1227 865 1289 documentis
897 1230 1069 1307 probatur;
1103 1235 1217 1291 contra
1245 1233 1341 1290 certis
1371 1229 1561 1290 auctoribus

159 1333 381 1408 comperimus
416 1347 476 1392 eos
508 1347 641 1392 summa
674 1347 750 1392 cum
782 1332 949 1410 voluptate
983 1333 1211 1395 combussisse
1245 1333 1428 1394 haereticos
1462 1333 1562 1393 libros

159 1435 295 1508 alienos
320 1437 352 1496 in
375 1438 511 1513 propriis
534 1440 644 1496 autem
668 1433 846 1496 eorundem
879 1437 1121 1516 exemplaribus
1150 1436 1363 1498 asservandis
1395 1452 1560 1496 summam

160 1554 273 1599 curam
303 1538 503 1599 adhibuisse.
548 1537 590 1624 Et
621 1537 767 1618 proiecto
802 1555 845 1601 ex
879 1529 992 1602 eorum
1026 1543 1172 1620 ipsorum
1208 1540 1410 1602 bibliothecis
1445 1543 1561 1601 mirum

161 1648 285 1721 quanta
317 1646 412 1722 copia
442 1659 578 1722 operum
611 1641 742 1719 Wiciifi,
776 1642 890 1718 Hussi,
925 1644 1080 1706 Jacobelli
1112 1644 1156 1706 ad
1189 1661 1252 1706 nos
1287 1643 1448 1723 pervenit!
1496 1641 1562 1705 Sed

161 1749 285 1824 priores
307 1744 573 1808 bibliothecarum
608 1763 823 1826 possessores
847 1753 879 1809 et
901 1753 1128 1827 procuratores
1151 1764 1251 1828 quam
1281 1751 1371 1827 parvi
1403 1751 1563 1808 aestima-

161 1853 265 1911 verint
286 1849 386 1912 libros
408 1866 509 1912 manu
532 1855 682 1930 scriptos
716 1853 826 1912 multis
857 1856 1050 1914 testimoniis
1084 1850 1303 1917 confirmatur.
1349 1851 1419 1914 lam
1443 1849 1562 1912 Rudni-

161 1957 253 2014 censi
276 1955 434 2032 catalogo,
458 1957 514 2031 qui
535 1953 578 2015 ad
602 1955 741 2017 duorum
774 1959 900 2016 tantum
930 1956 1139 2033 collegiorum
1174 1955 1387 2016 bibliothecas
1423 1958 1560 2032 spectat,

161 2057 340 2119 edocemur
362 2063 447 2119 circa
468 2076 498 2119 a.
526 2057 601 2121 1461
642 2060 762 2120 multos
796 2059 896 2121 libros
931 2059 1126 2138 deperiisse;
1161 2074 1259 2139 quarn
1298 2059 1382 2119 mele
1417 2061 1562 2136 magistri

160 2163 223 2240 ipsi
246 2161 420 2222 thesauros
443 2162 611 2222 litterarios
634 2165 825 2240 curaverint,
851 2162 902 2222 his
926 2163 1085 2241 exemplis
1109 2161 1276 2241 detegitur.
1314 2160 1398 2224 Cum
1422 2180 1453 2224 a.
1481 2161 1562 2222 1434

161 2281 302 2328 necesse
326 2271 402 2338 erat,
426 2271 462 2325 ut
483 2265 608 2343 collegii
632 2262 773 2327 Carolini
797 2266 992 2327 bibliotheca
1015 2267 1124 2328 denuo
1148 2267 1360 2338 ordinaretur,
1390 2267 1563 2327 studiosus

162 2370 296 2449 quidam
320 2366 434 2430 Simon
456 2364 679 2440 Modidlensis,
704 2373 758 2448 qui
782 2373 1041 2449 sequentianno
1066 2370 1234 2432 beccalarii
1257 2370 1396 2450 gradum
1422 2370 1564 2448 adeptus

162 2479 223 2546 est,
247 2473 391 2533 laborem
415 2472 504 2533 hunc
527 2473 625 2534 subiit
648 2479 679 2535 et
704 2480 799 2552 »post
822 2476 931 2553 plures
955 2481 1175 2554 septimanas«
1203 2475 1345 2556 perfecit.
1379 2474 1475 2536 Fisco
1500 2489 1563 2534 suo

163 2582 336 2656 parcentes
359 2579 504 2656 magistri
543 2583 637 2640 »tunc
661 2585 853 2657 praesentes
876 2583 909 2640 in
932 2579 1087 2658 collegio«
1122 2582 1162 2642 illi
1186 2581 1336 2642 studioso
1372 2596 1430 2658 pro
1462 2582 1563 2656 pretio

163 2681 312 2742 codicem
339 2679 420 2742 1826
443 2681 618 2760 (Alphonsi
642 2685 726 2760 regis
750 2683 878 2744 tabulas
901 2689 933 2744 et
954 2684 1017 2745 alia
1039 2686 1199 2762 opuscula
1219 2688 1442 2746 astronomica
1463 2685 1563 2744 conti-

162 2789 310 2858 nentem)
336 2785 526 2865 »usquead
549 2786 621 2848 dies
653 2790 758 2864 vitaer
795 2787 965 2862 dederunt,
1001 2793 1037 2848 ut
1058 2792 1090 2850 in
1125 2789 1277 2868 operculo
1312 2786 1460 2848 eiusdem
1495 2787 1565 2847 iibri

163 2894 356 2951 annotatum
380 2895 439 2950 est.
462 2887 593 2951 Mortuo
616 2907 694 2951 mox
717 2888 852 2952 Simone
879 2894 1022 2970 contigit,
1045 2897 1082 2952 ut
1103 2892 1210 2952 codex
1226 2891 1440 2952 bibliothecae
1464 2889 1564 2953 Caro·

163 2995 246 3055 linae
282 2997 510 3054 restitueretur.
556 2993 701 3055 Fortuna
733 3001 799 3070 tam
834 3011 992 3073 prospera
1025 3011 1091 3056 non
1126 2999 1276 3074 gavisum
1310 3001 1363 3055 est
1392 2995 1563 3072 collegium

166 3094 366 3172 »Nationis«,
389 3101 484 3160 cuius
508 3098 720 3159 directoribus
743 3098 964 3161 annuentibus
980 3115 1008 3160 a.
1038 3098 1119 3160 1449
1138 3097 1293 3161 Matthias
1316 3099 1357 3159 de
1380 3095 1562 3170 Jehnidno,

164 3183 292 3264 Skome
321 3205 583 3279 cognominatus
621 3201 680 3262 »de
710 3201 837 3264 libraria
861 3201 981 3278 domus
1011 3199 1159 3264 Nationis
1193 3202 1435 3274 Bohemorums
1474 3218 1564 3280 prae·

164 3307 287 3367 clarum
311 3307 458 3367 codicem
481 3303 700 3384 Vergilianum
724 3324 811 3369 saec.
845 3305 898 3380 IX,
931 3311 985 3385 qui
1019 3323 1107 3368 nunc
1140 3311 1172 3368 in
1207 3307 1402 3380 bibliotheca
1436 3306 1565 3384 capituli

165 3410 402 3488 metropolitani
447 3409 619 3488 Pragensis
657 3403 900 3485 asservatur¹⁵),
942 3427 1018 3489 »pro
1056 3411 1126 3471 eliis
1168 3410 1299 3485 duobus
1343 3408 1565 3471 voluminibus

165 3513 304 3574 eandem
328 3517 496 3575 materiam
531 3514 773 3577 continentibus
796 3512 838 3574 ad
863 3519 1011 3592 tempora
1032 3518 1118 3575 vitae
1148 3530 1229 3575 suae
1259 3518 1412 3588 exemit«,
1457 3511 1564 3574 Huius

165 3617 290 3696 collegii
312 3617 543 3679 bibliothecarii
566 3623 631 3680 tam
655 3618 864 3696 neglegenter
887 3634 1022 3678 munere
1047 3633 1109 3678 suo
1132 3616 1360 3696 iungebantur,
1395 3623 1496 3686 utne
1519 3620 1565 3677 in·

166 3725 354 3800 scripserint
376 3723 507 3802 quidem
531 3723 645 3785 librum
670 3727 944 3801 pretiosissimum
968 3721 1118 3800 catalogo
1142 3720 1359 3782 Rudnicensi..
1374 3717 1441 3782 Sed
1464 3720 1566 3781 multo

166 3829 285 3886 tristior
305 3830 374 3886 erat
397 3841 470 3888 sors
492 3833 638 3889 veterum
654 3825 812 3888 ‚codicum
837 3841 924 3886 saec.
948 3823 1032 3899 XVI,
1065 3841 1141 3887 cum
1164 3831 1231 3886 arte
1262 3824 1498 3904 typographica
1520 3827 1565 3884 in·

167 3928 391 3990 crebrescente
421 3929 490 3991 libri
524 3946 623 3991 manu
659 3934 767 4008 scripti
801 3931 1028 3992 abolescerent
1059 3936 1092 3991 et
1114 3929 1326 3990 doctissimus
1361 3931 1501 4008 quisque
1524 3926 1566 3988 ab

166 4035 205 4094 iis
228 4033 376 4110 legendis
400 4033 623 4096 deduceretur.
646 4033 701 4094 Illo
725 4037 871 4112 tempore
894 4039 1022 4094 veteres
1045 4033 1178 4094 codices
1209 4035 1354 4110 inprimis
1386 4034 1416 4107 ii,
1447 4031 1566 4111 quibus

167 4138 294 4199 mediae
318 4143 433 4200 aetatis
466 4144 617 4200 auctores
652 4140 910 4213 continebantur,
948 4137 1197 4197 bibliothecariis
1231 4137 1359 4198 inutiles
1383 4140 1415 4196 et
1438 4133 1567 4197 molesti

167 4242 370 4316 videbantur,
395 4247 635 4304 renascentium
670 4247 779 4303 autem
803 4243 979 4303 litterarum
1011 4241 1168 4302 studiosis
1204 4246 1334 4320 propter
1367 4244 1566 4319 incomptam

169 4348 356 4407 latinitatem
395 4349 602 4424 stomachum
641 4329 825 4408 movebant.
872 4343 1012 4406 Horrore
1050 4351 1135 4407 certe
1173 4344 1382 4423 pertunditur,
1418 4346 1568 4422 quisquis

167 4457 267 4529 caput
289 4451 366 4512 iilud
401 4451 469 4513 libri
499 4443 735 4525 Winteriani¹⁰)
769 4451 910 4528 perlegit,
946 4465 1012 4529 quo
1047 4449 1087 4510 de
1122 4449 1330 4526 collegiorum
1365 4447 1568 4508 bibliothecis

169 4570 257 4618 saec.
281 4553 353 4617 XVI
377 4561 409 4618 et
430 4554 517 4620 XVll
539 4547 716 4617 disseritur.
749 4553 895 4632 Magistri
929 4557 1015 4613 enim
1049 4555 1110 4632 ipsi
1144 4559 1276 4614 auctore
1305 4550 1456 4613 Wintero
1491 4556 1567 4612 tunc

168 4659 302 4720 codices
325 4660 596 4722 membranaceos
619 4665 651 4720 et
677 4659 794 4720 »libros
818 4658 1001 4736 illegibiles«
1032 4657 1222 4736 bibliopegis
1246 4655 1467 4718 dissecandos
1490 4653 1568 4716 ven'·

169 4761 300 4836 debant,
324 4763 537 4826 bibliothecae
560 4765 847 4850 neglegentissime
871 4760 1189 4836 administrabantur,
1213 4764 1289 4840 quin
1315 4764 1412 4822 etiam
1437 4777 1466 4820 a.
1487 4756 1568 4820 1603

278 4947 316 5032 15)
340 4955 382 5014 Ci.
406 4955 547 5028 J.'Kelle,
569 4956 741 5014 Klassische
763 4953 989 5012 iiandschriiten
1012 4960 1042 5011 ln
1065 4954 1169 5026 Preger
1190 4953 1402 5024 Bibliotheken‚
1428 4970 1457 5025 p.
1482 4935 1512 5011 7.

280 5051 318 5132 ¹⁶)
341 5059 372 5120 Z.
395 5059 520 5131 Winter,
542 5044 626 5117 Zivot
650 5077 688 5116 na
710 5055 877 5128 universiti,
901 5076 931 5132 p.
956 5057 1139 5116 alo-³85.
