3820 5960
669 675 981 694 ·····-—-—-·-r

229 795 250 856 l.
274 794 480 858 2212-2382
501 793 668 858 Eiusdem
690 795 871 860 Tractatus
902 798 944 860 de
966 796 1128 860 laudibus
1157 797 1297 860 divinae
1320 797 1524 877 sapientiae.

122 885 207 955 (Post
231 882 458 962 registrum)
446 881 628 944 Eructarit
651 899 708 944 cor
731 900 860 946 meum«
846 885 919 943 «><
947 883 1056 963 »Expl
1085 889 1174 946 tract
1200 885 1283 946 del.
1308 885 1338 947 d.
1364 902 1390 946 a.
1416 885 1523 947 editus

120 968 250 1030 alratr.
273 967 390 1048 Egidio
414 969 454 1030 de
478 967 583 1030 Roma
605 969 675 1030 ord.
699 968 784 1032 fratr.
809 970 972 1033 herems
955 972 1210 1049 Augustini.

230 1057 382 1131 Operculis
407 1059 536 1130 adligata
560 1067 629 1116 sunt
651 1060 812 1130 fragmenta
835 1063 996 1117 membran.
1020 1061 1132 1118 codicis
1155 1062 1254 1133 liturg.
1277 1077 1357 1120 saec.
1380 1059 1459 1117 XIV.

226 1225 305 1308 759
567 1227 636 1303 IV.
669 1225 713 1304 G.
740 1228 802 1307 27.
831 1243 875 1311 (Υ.
894 1244 915 1297 1.
933 1247 960 1308 r.
979 1260 1005 1297 n.
1023 1246 1077 1310 39.)

120 1367 230 1430 chart.
257 1385 291 1430 a.
313 1365 525 1431 1446-1461
544 1366 585 1450 ff.
609 1367 674 1431 146
695 1385 799 1442 num,
822 1369 901 1432 215
910 1369 998 1433 ><16
1020 1387 1083 1436 cm.
1106 1371 1196 1433 2m.

119 1489 294 1553 iohannis
316 1487 439 1552 Wiclii
457 1487 611 1568 Operum
634 1488 675 1552 de
700 1488 793 1553 civili
824 1488 981 1554 dominio
1004 1495 1040 1552 et
1062 1489 1216 1570 decalogi
1251 1490 1400 1570 registra
1422 1491 1459 1571 (a
1480 1491 1524 1554 M.

497 1575 601 1639 Petro
622 1574 741 1656 Payne
763 1576 909 1655 Anglico
933 1576 1152 1656 composita).

231 1681 252 1742 l.
279 1675 414 1742 1⁰--35b
430 1678 612 1760 Registrum
628 1682 774 1743 locorum
790 1682 832 1743 ab
848 1687 981 1743 auctore
994 1685 1165 1742 citatorum
1179 1682 1363 1744 secundum
1376 1683 1524 1745 ordinem

120 1769 274 1830 librorum
292 1783 406 1829 sacrae
423 1770 610 1846 scripturae.
634 1768 669 1830 in
685 1766 751 1830 fine
774 1769 878 1830 rubr:
905 1768 961 1829 ».A
987 1767 1018 1830 d.
1045 1765 1137 1829 1461,
1162 1765 1290 1830 Nomen
1315 1773 1480 1860 scriptoris
1497 1773 1525 1830 si

121 1861 156 1916 tu
189 1871 391 1933 cognoscere
420 1854 512 1914 veliis
542 1853 629 1931 (sic),
659 1853 697 1917 Jo
728 1855 784 1916 tibi
807 1858 911 1934 prima
945 1858 996 1928 slt,
1027 1855 1091 1916 han
1125 1870 1270 1934 sequens
1301 1873 1375 1917 nes·
1377 1872 1440 1936 que
1471 1872 1526 1948 su·

121 1959 253 2021 prema«
240 1939 477 2019 «(Johunncs
500 1940 664 2018 quidam).

231 2027 253 2089 1.
275 2027 378 2090 36·—
384 2022 460 2087 124b
484 2025 666 2106 Registrum
690 2027 929 2106 alphabeticum
954 2031 1104 2106 operis»
1090 2027 1150 2089 »de
1174 2030 1258 2089 civili
1281 2028 1458 2091 dominio«.
1491 2029 1525 2090 ln

121 2114 206 2177 fine:
234 2116 291 2176 ›A.
316 2115 347 2176 d.
373 2112 456 2174 1446
479 2114 535 2175 ler.
558 2114 597 2176 ΙΙΙ
620 2118 696 2193 post
718 2113 917 2176 conductum
942 2130 1071 2192 pasce«

233 2201 254 2263 1.
281 2197 482 2263 125⁸-146b
507 2198 689 2279 Registrum
713 2200 953 2279 alphabeticum
979 2199 1185 2279 »Decalogi«.

234 2308 335 2366 Codex
358 2295 520 2380 fragmento
542 2307 693 2378 originalis
717 2307 814 2363 bullae
838 2305 961 2378 Eugenii
983 2305 1025 2363 IV
1048 2310 1083 2363 ad
1109 2310 1256 2379 quendam
1282 2305 1448 2364 iohannem
1476 2322 1527 2363 co·

122 2403 245 2469 opertus
267 2402 321 2453 est.

230 2563 310 2645 76⁰
572 2560 643 2640 lV.
674 2561 719 2638 G.
746 2561 807 2638 28.
840 2577 884 2641 (r.
903 2577 924 2629 1.
945 2579 1073 2636 aaran

121 2705 234 2766 chart.
257 2721 344 2766 socc.
368 2701 437 2766 XV
455 2703 493 2786 ff.
515 2704 591 2780 332,
612 2702 823 2766 21·5><15·5
841 2719 904 2764 cm.
928 2702 950 2764 2
971 2720 1017 2764 m.
1140 2737 1143 2744 ·

121 2826 156 2890 S.
182 2825 355 2889 Johannis
365 2825 601 2906 Apocalypsis
616 2841 697 2889 curn
713 2823 889 2903 (Guilelmi
906 2825 948 2887 de
963 2821 1135 2904 Militona)
1150 2823 1403 2887 commentario
1418 2827 1527 2899 (cuius

637 2927 715 2973 vero
738 2915 861 2973 initium
889 2911 1005 2986 deest).

236 3014 257 3078 1.
285 3017 318 3077 1⁸
344 3015 536 3078 »Premissis
559 3018 670 3077 causis
695 3014 925 3093 principalibus
948 3013 1046 3076 huius
1063 3014 1226 3076 doctrine«
1242 3015 1275 3073 ><
1291 3009 1409 3076 13121)
1428 3030 1525 3075 »con-

122 3103 326 3164 firmacionis
349 3108 381 3163 et
404 3106 585 3181 optacionis
616 3101 770 3162 dicentis:
804 3098 921 3161 Gracia
951 3100 981 3162 d.
1006 3100 1033 3162 J.
1057 3099 1131 3164 Chr.
1152 3097 1232 3162 ‘cum
1256 3101 1410 3162 omnibus
1433 3101 1528 3162 vobis

122 3191 244 3251 Amen.
290 3188 331 3250 Et
360 3205 424 3251 nos
454 3193 550 3267 igitur
580 3188 643 3249 deo
673 3191 801 3266 gracias
833 3186 1023 3262 referamus,
1054 3188 1144 3267 quod
1166 3202 1230 3249 nos
1254 3188 1407 3249 decussis
1430 3191 1528 3248 tantis

123 3277 232 3356 plagis
256 3279 487 3355 scripturarum
512 3275 648 3336 deduxit
670 3280 702 3335 et
725 3273 875 3353 perduxit
898 3273 940 3334 ad
965 3280 1093 3353 portum
1117 3275 1241 3336 salutis.
1267 3273 1334 3336 Oro
1356 3275 1477 3346 autem,
1494 3278 1530 3334 ut

124 3368 153 3424 si
178 3365 289 3424 minus
313 3363 396 3424 bene
419 3362 537 3423 alicubi
561 3361 637 3436 dixi,
662 3360 738 3421 mihi
762 3361 925 3440 benignus
948 3361 1115 3440 indulgeat
1137 3360 1335 3439 delinquenti
1351 3365 1383 3421 et
1398 3363 1528 3423 veniam

123 3449 290 3511 humiliter
312 3449 498 3528 postulanti,
530 3452 562 3509 et
583 3450 683 3509 lector
705 3463 772 3508 non
795 3448 921 3508 malicie
946 3447 1006 3508 sed
1029 3450 1218 3526 ignorancie
1242 3447 1384 3508 ascribat
1405 3451 1438 3508 et
1460 3462 1529 3507 cor·

123 3541 228 3616 rigat«
255 3582 262 3595 .
288 3580 295 3597 .
321 3586 326 3597 .
362 3533 640 3613 (Commentarius
670 3532 722 3595 hic
753 3537 784 3595 in
808 3537 907 3594 veteri
931 3534 1081 3613 catalogo
1105 3539 1218 3596 nostro
1241 3533 1325 3595 laiso
1348 3533 1530 3596 attribuitur

123 3624 261 3684 Alberto
284 3620 431 3700 Magno.)

238 3707 259 3768 l.
283 3703 488 3770 arar-330¹>
514 3705 668 3769 »Materia
689 3710 721 3768 in
745 3707 861 3768 librum
884 3705 964 3768 Job«
992 3711 1091 3785 (opus
1115 3711 1296 3780 mancum).

237 3794 258 3858 f.
282 3790 488 3856 331b-332·
513 3791 667 3855 »Materia
689 3795 837 3872 aliqualis
861 3809 961 3872 super
984 3792 1176 3855 Proverbia«
1202 3793 1458 3872 (fragmentum).

238 3899 383 3974 Operculo
407 3900 488 3958 inler.
513 3901 674 3971 adligatum
704 3907 748 3956 est
771 3899 965 3971 fragmentum
988 3902 1148 3958 membran.
1173 3900 1285 3957 codicis
1310 3901 1464 3956 cuiusdam
1492 3899 1528 3954 li-

121 3991 232 4060 turgici
255 4003 333 4046 saec.
356 3985 435 4044 XIV.
458 3985 550 4044 Vetus
574 3989 649 4058 sign.
673 3985 706 4058 B,
732 3987 781 4044 20.

235 4154 301 4236 761
565 4155 635 4232 IV.
667 4154 710 4230 G.
737 4155 799 4230 29.
823 4170 869 4239 (r.
888 4169 937 4224 ur.
957 4172 981 4224 ι.
999 4187 1024 4223 a.
1042 4173 1080 4240 a.)

126 4297 241 4358 chart.
264 4311 352 4358 saec.
375 4293 445 4357 XV
464 4295 521 4372 in„
532 4293 578 4378 ff.
601 4295 677 4372 168,
698 4296 957 4359 21·5x15cm.
982 4295 1013 4357 d.
1036 4314 1082 4358 m.

237 4414 428 4479 Sermones
452 4418 494 4480 de
517 4416 651 4480 sanctis
681 4434 744 4496 per
777 4415 947 4479 circulum
981 4416 1064 4479 anni
1099 4433 1180 4479 cum
1212 4415 1297 4478 vitis
1330 4415 1532 4479 eorundem

124 4504 261 4578 (Insunt
297 4506 395 4566 etiarn
432 4508 516 4566 vitae
549 4509 758 4583 patronorum
794 4501 972 4564 Bohemiae
1007 4509 1039 4564 et
1070 4507 1194 4582 passim
1219 4509 1316 4564 notae
1340 4502 1531 4564 bohemicae

123 4596 212 4653 inter
234 4589 336 4651 lineas
360 4596 392 4651 et
414 4593 446 4652 in
470 4595 641 4669 margine.)
667 4590 869 4652 »Ambulans
892 4587 992 4650 Jesus
1011 4636 1017 4653 .
1038 4635 1045 4651 .
1065 4637 1073 4654 .
1092 4587 1197 4652 Gorra
1219 4605 1408 4668 exponens«
1430 4589 1462 4646 ><
1482 4587 1533 4650 »et

125 4679 273 4739 maxime
297 4677 528 4756 simplicibus«

240 4781 279 4838 Ut
302 4777 405 4840 Hanni
429 4783 668 4841 bibliothecarius
691 4787 722 4840 in
746 4783 881 4854 catalogo
904 4787 998 4839 vetere
1022 4784 1184 4852 adnotavit,
1208 4782 1295 4838 huius
1319 4783 1431 4839 codicis
1451 4797 1534 4854 oper·

124 4871 207 4927 culis
231 4870 302 4926 olim
326 4871 455 4941 adligata
477 4877 559 4926 erant
589 4872 750 4927 membran.
785 4869 948 4942 fragmenta
982 4868 1173 4926 vetustissimi
1206 4867 1342 4924 Dalemili
1375 4868 1531 4936 bohemici,

123 4971 206 5029 quae
229 4971 310 5012 nunc
332 4957 489 5029 separatim
513 4963 701 5014 asservantur
723 4957 839 5028 (nescio
863 4958 924 5023 ubi,
957 4970 1025 5012 cum
1059 4958 1176 5012 diversa
1209 4955 1269 5011 sint
1293 4956 1329 5011 ab
1353 4955 1421 5026 illis,
1458 4970 1532 5026 quae

123 5048 162 5100 de
189 5045 257 5100 cod.
281 5041 317 5099 X.
341 5043 374 5100 F.
399 5043 613 5115 ddeprompta
638 5027 705 5102 Cas.
730 5041 808 5101 Mus.
838 5043 914 5099 1861
942 5045 1021 5100 edita
1043 5043 1136 5113 sunt).
1171 5040 1242 5099 Item
1267 5043 1429 5098 notandum
1452 5056 1534 5113 oper

180 5263 529 5321 τιυιιιΑ1ιοιι.ιοι.ιιι.
809 5262 861 5314 ³05
1405 5261 1432 5306 ao
