3890 5970
833 557 875 620 68

263 772 294 827 In
319 772 487 828 calendario
511 777 668 827 occurrunt
698 770 773 824 festa
807 769 838 827 S.
862 769 1031 824 Wenceslai
1066 775 1093 823 et
1125 768 1276 823 Adalberti
1311 767 1466 834 rubricata,
1502 767 1552 821 sed
1598 813 1601 818 ,

165 867 259 915 estum
291 859 321 915 S.
353 857 515 925 Ludmilae,
546 859 575 912 in
606 855 748 912 Bohemia
778 857 917 911 celebrari
948 861 1084 926 coeptum
1108 871 1134 910 a.
1164 853 1243 909 1245
1268 867 1328 910 non
1351 853 1552 924 consignatur.

156 945 225 1000 Item
249 945 355 1000 festum
379 943 518 1016 Corporis
541 943 649 999 Christi
673 945 731 998 alia
754 945 906 999 recentiori
936 959 1025 998 manu
1050 948 1177 996 attamen
1212 956 1290 998 saec.
1325 939 1392 995 XIII
1428 955 1472 996 ex.
1507 940 1554 994 vel

158 1031 226 1088 XIV
250 1033 290 1088 in.
315 1033 447 1087 additum
469 1031 600 1086 officium
623 1046 711 1085 suum
735 1031 823 1086 habet
846 1029 864 1087 1.
890 1029 1006 1086 7-12,
1052 1026 1166 1099 Quibus
1200 1029 1236 1082 de
1271 1028 1370 1082 cansis
1406 1042 1459 1082 nec
1493 1041 1553 1080 non

157 1119 640 1176 convenientibuscharacteribus
663 1119 795 1172 codicem
828 1132 905 1172 saec.
940 1114 1008 1170 XIII
1043 1116 1256 1172 adiudicamus.
1304 1113 1408 1170 Codici
1442 1115 1555 1185 passim

156 1208 255 1262 insuta
289 1212 358 1260 sunt
388 1205 553 1260 ciliciorum
584 1204 795 1275 supplementa,
827 1219 901 1273 quae
932 1205 1018 1257 etiarn
1050 1208 1208 1257 occurrunt
1237 1202 1267 1255 in
1297 1199 1375 1255 soliis
1410 1201 1555 1270 operculis

157 1293 356 1362 adglutinatis.
392 1291 542 1346 Praeterea
572 1293 602 1346 in
633 1291 771 1362 operculo
802 1290 884 1346 inter.
916 1295 1056 1344 notantur
1085 1289 1232 1360 reliquiae,
1267 1303 1342 1358 quae
1372 1289 1558 1343 continentur

156 1381 185 1436 in
210 1381 339 1450 quodam
366 1378 469 1434 »altan'
492 1377 687 1448 Martyrum«.
712 1375 814 1432 Codex
838 1393 865 1434 a.
893 1375 973 1431 1649
998 1383 1059 1431 erat
1082 1383 1207 1431 monast.
1233 1373 1263 1432 S.
1288 1373 1430 1430 Coronae.

263 1580 315 1662 67
759 1579 788 1654 I.
817 1579 862 1654 B.
890 1579 952 1654 11.

158 1740 267 1804 chart.
290 1755 323 1800 a.
348 1738 435 1801 1399
446 1738 493 1819 ff.
517 1737 592 1813 101,
615 1737 659 1800 30
675 1737 759 1798 ><22
782 1755 846 1798 cm.
870 1739 887 1798 1
913 1756 960 1799 m.

551 1875 738 1953 Speculum
760 1875 934 1937 humanae
956 1874 1173 1937 salvationis.

268 1996 289 2056 1.
318 1997 349 2056 1·
372 1996 504 2075 »Incipit
526 1997 731 2075 prohemium
763 1997 936 2058 cuiusdam
966 2014 1063 2058 nowe
1094 1998 1357 2075 compilacionis«
1384 1999 1415 2054 ><
1440 1995 1460 2056 1.
1490 1993 1564 2055 101³

158 2087 233 2156 (alia
256 2089 358 2157 manu)
385 2083 542 2162 »Explicit
572 2086 745 2162 speculum
777 2083 921 2144 humane
953 2086 1149 2145 salvacionis
1179 2083 1305 2145 finitum
1336 2083 1392 2143 ier.
1426 2081 1468 2142 Vl
1492 2089 1566 2143 ante

159 2170 281 2231 festum
305 2168 434 2249 Georgii
459 2187 488 2231 a.
513 2170 545 2231 d.
573 2169 687 2232 laea«

269 2273 290 2334 1.
318 2270 394 2334 101b
413 2278 512 2348 (tertia
534 2279 638 2349 manu)
666 2271 879 2336 »Notandum
903 2275 992 2352 quod
1016 2279 1163 2336 omnium
1185 2275 1332 2334 villarum
1356 2277 1461 2334 tocius
1477 2275 1567 2350 regni

159 2361 319 2508 Iffiffiie«
353 2358 471 2422 30264.
510 2362 549 2421 Α.
584 2361 615 2420 d.
655 2360 737 2421 1417
775 2361 902 2422 electus
933 2370 985 2422 est
1018 2379 1048 2440 p.
1085 2361 1244 2422 Martinus
1279 2364 1412 2438 quintus
1446 2363 1478 2420 in
1514 2359 1565 2461 die

249 2553 380 2624 Singulis
405 2553 483 2609 soliis
508 2553 634 2610 5-100
659 2561 861 2610 remanserunt
884 2571 982 2610 vacua
1006 2558 1102 2627 spatia
1125 2557 1154 2610 in
1177 2554 1271 2612 lronte
1301 2561 1329 2610 et
1359 2556 1489 2623 margine
1522 2552 1566 2607 in·

160 2643 294 2698 serendis
316 2643 447 2712 picturis,
472 2639 515 2698 ct.
539 2623 608 2698 Cas.
631 2640 710 2698 Mus
738 2641 819 2697 1884
843 2658 870 2713 p.
897 2641 946 2699 25.
970 2640 1015 2697 Ex
1038 2642 1215 2700 monasterio
1238 2639 1428 2698 Tiebonensi.

268 2841 322 2923 68
767 2844 797 2919 I.
825 2844 869 2919 B.
897 2844 957 2918 12.

161 3001 273 3062 chari.
295 3017 382 3062 saec.
406 2997 494 3060 XIV
513 3018 559 3062 ex.
582 2999 682 3081 (sing.
701 3003 793 3081 part.
817 3018 850 3062 a.
876 3001 976 3081 1384)
985 3001 1033 3082 ff.
1056 3001 1130 3077 154,
1152 3001 1196 3064 30
1210 3003 1294 3064 ><21
1318 3019 1382 3066 cm.
1405 3003 1436 3064 d.
1461 3021 1505 3064 m.

274 3121 295 3182 1.
323 3119 458 3182 12-70·
478 3120 666 3184 Sermones
690 3123 732 3183 de
758 3122 904 3185 sanctis.
929 3123 1068 3208 (Initium
1093 3124 1196 3185 deest.
1227 3123 1353 3187 Primus
1378 3127 1418 3187 de
1450 3123 1484 3188 S.
1515 3123 1568 3186 Ni-

162 3211 270 3282 colao,
295 3210 428 3269 ultimus
452 3208 493 3268 de
517 3207 550 3270 S.
574 3207 705 3270 Thoma
729 3211 832 3288 expl.:
864 3209 906 3271 Et
927 3211 970 3271 ibi
993 3217 1044 3272 est
1066 3209 1142 3273 finis
1164 3213 1247 3272 illius
1271 3212 1338 3274 llbri
1363 3214 1439 3274 boni
1470 3215 1567 3286 etc«)

275 3310 296 3373 1.
321 3308 503 3372 711-1171
522 3310 678 3374 Granum
700 3311 919 3376 Passionalis
945 3313 1043 3376 »Post
1072 3320 1261 3396 passionem
1297 3317 1420 3378 domini
1450 3317 1568 3392 ¹divisis

161 3399 343 3478 apostolis«
371 3399 403 3454 Χ
429 3397 586 3477 »Explicit
607 3416 745 3476 granum
770 3401 967 3478 passionaIIs
991 3402 1106 3462 suba.
1131 3402 1161 3463 d.
1189 3399 1300 3466 1384«

208 3590 230 3649 b
276 3501 297 3562 1.
309 3500 525 3649 (1115334126'
544 3501 772 3564 Prothemata
786 3519 893 3582 super
912 3483 1093 3583 euangelia
1107 3506 1150 3570 de
1165 3507 1308 3569 sanctis.
1325 3507 1346 3569 1.
1367 3507 1443 3570 126²
1461 3507 1570 3569 »linita

164 3607 205 3650 su
254 3606 284 3649 a.
334 3636 340 3648 .
455 3613 482 3649 ι.

277 3689 298 3752 1.
327 3686 403 3752 1261
422 3690 610 3753 Sermones
633 3693 702 3754 duo
725 3693 766 3754 de
788 3693 981 3756 animabus.

277 3794 298 3855 1.
327 3792 403 3856 1274
443 3793 546 3856 Notae
570 3797 610 3857 de
634 3795 781 3858 efficacia
802 3799 892 3859 verbi
917 3800 978 3872 dei,
1006 3799 1047 3860 de
1071 3801 1158 3861 bono
1174 3802 1405 3879 praedicatore,
1423 3803 1464 3864 de
1480 3820 1570 3881 prae·

164 3885 323 3961 rogativis
347 3888 538 3943 sanctorum
562 3885 774 3960 singulorum.

277 3984 299 4046 1.
348 3981 550 4046 1351’-l·37b
568 3985 641 4048 llra
662 3981 888 4050 velilronobni
907 3983 1188 4052 latinsko·beskai
1218 3998 1238 4053 t.
1262 4009 1313 4054 zv.
1348 3990 1443 4056 Ordo
1465 3993 1572 4055 trium

164 4087 402 4232 ρῖετεῗὸιῖωηι
424 4074 514 4151 (vyd.
538 4068 654 4134 Hanus
677 4091 699 4134 v
721 4072 765 4136 M.
789 4072 873 4154 Vpb.
899 4081 954 4136 str.
978 4075 1022 4137 40
1043 4094 1064 4136 a
1086 4096 1117 4138 n.
1138 4075 1255 4140 Srovn.
1280 4059 1355 4142 Cas.
1380 4079 1467 4142 Mus,
1489 4079 1565 4142 1891

165 4176 226 4220 sr.
310 4207 317 4219 .

280 4261 300 4323 1.
329 4261 498 4324 138-139
520 4261 623 4324 Notae
646 4268 772 4325 variae:
808 4263 936 4344 Quibus
961 4268 1169 4344 protheatur
1190 4285 1311 4347 corpus
1326 4342 1330 4350 ,
1346 4267 1474 4332 Christi.
1520 4270 1569 4332 De

166 4350 289 4410 diebus
313 4348 504 4428 periculosis
527 4351 698 4412 cuiuslibet
720 4355 805 4413 anni.
854 4351 903 4414 De
942 4355 1086 4432 quodam
1124 4359 1281 4434 episcopo
1319 4360 1450 4418 nomine
1485 4356 1569 4420 Od0.

168 4435 220 4496 De
253 4439 416 4497 creatione
450 4437 592 4498 hominis
632 4441 663 4498 in
687 4443 778 4498 utero
816 4443 928 4502 matris
973 4439 1079 4520 (Expl.
1103 4439 1179 4504 linis
1203 4440 1328 4504 Cubini
1350 4442 1393 4505 de
1414 4442 1571 4521 Zalssie).

282 4536 303 4598 1.
331 4535 531 4600 1402--153b
550 4538 706 4602 Granum
728 4541 939 4619 passionalis
970 4544 1012 4606 de
1035 4544 1167 4608 sanctis
1198 4549 1300 4620 (initio
1334 4549 1492 4620 mutilum,
1531 4549 1573 4610 ad

167 4626 296 4686 calcem
320 4625 382 4685 alia
405 4642 522 4686 manu:
561 4623 718 4706 »Explicit
750 4644 888 4706 granum
923 4632 1120 4708 passionalis
1150 4632 1273 4696 bonum
1305 4634 1346 4695 de
1370 4638 1494 4696 sanctis
1518 4652 1575 4714 per

168 4727 293 4772 manus
317 4711 440 4773 domini
464 4711 605 4774 Stiborii
626 4714 767 4776 honesti
790 4715 1002 4792 presbiteri«

283 4813 303 4875 1.
333 4814 409 4876 154⁸
429 4813 594 4878 Officium
616 4817 659 4880 de
680 4817 805 4880 lancea
826 4823 861 4880 et
886 4835 1017 4882 corona
1038 4820 1180 4883 domini.

283 4917 304 4978 1.
333 4913 410 4979 1541
429 4917 713 4996 Specitlcationes
735 4927 961 4999 peccatorum
981 4923 1089 4986 latine
1105 4929 1141 4986 et
1156 4924 1344 4988 bohemice.
1372 4921 1577 4999 (Slovnldelr

170 4995 299 5066 hh'cbir
321 4999 531 5085 lat-beslii).

865 5232 896 5282 19
1424 5225 1451 5281 a·
