3812 5968
766 569 848 630 1035

211 776 311 857 1032
705 775 762 852 VI.
794 779 840 853 A.
871 777 932 852 20.

101 915 292 978 membran.
324 933 412 980 saec.
434 914 493 979 XI
495 915 524 976 V
530 915 577 998 ff.
601 917 674 990 157,
697 917 876 981 32><24·5
898 935 961 980 erre.
985 917 1003 994 1
1030 934 1073 976 m.

144 1037 200 1101 Fr.
222 1037 260 1099 B.
283 1037 475 1115 (Bertboidi
499 1039 541 1100 de
564 1039 769 1118 Ratispona)
804 1039 993 1102 Sermones
1024 1037 1204 1100 Rusticani
1229 1038 1270 1099 de
1293 1043 1460 1115 tempore.

205 1124 225 1185 i.
254 1125 287 1184 1·
312 1125 365 1187 »ln
389 1125 532 1186 adventu
550 1142 658 1186 sermo
682 1125 823 1188 illrum
846 1127 1093 1205 signainsole«
1119 1125 1151 1180 ><
1175 1125 1194 1185 i.
1224 1123 1301 1185 157·
1327 1124 1505 1204 »Incipiunt

101 1210 181 1270 tituli
205 1227 395 1273 sermonum
419 1211 525 1273 fratris
548 1211 595 1288 B.‚
630 1217 684 1292 qui
719 1212 870 1274 dicuntur
903 1211 1070 1274 Rusticani
1102 1230 1144 1275 ex
1167 1213 1345 1273 humilitate
1370 1213 1417 1272 sic
1441 1227 1501 1272 eos

99 1297 333 1360 nominando«
360 1296 511 1376 Sequens
535 1300 644 1360 tabula
667 1316 733 1360 non
757 1305 809 1360 est
831 1303 956 1378 integra
979 1300 1093 1360 codice
1117 1300 1272 1360 mutilato

204 1386 238 1443 ln
261 1388 353 1444 fronte
376 1386 394 1446 1,
422 1389 457 1444 1²
480 1395 654 1445 annotatum
676 1396 737 1445 est:
764 1389 827 1444 »Ex
851 1389 1028 1446 bibliotheca
1051 1389 1261 1446 canonicorum
1284 1387 1460 1458 regularium
1477 1403 1502 1444 s.

98 1473 257 1543 Augustini
279 1473 429 1531 Trebonae
456 1473 567 1534 itta«

208 1639 307 1722 1033
704 1642 768 1717 VI.
797 1643 844 1718 A.
872 1643 934 1718 21.

97 1781 208 1843 chart.
231 1799 319 1843 saec.
342 1781 429 1844 XIV
436 1780 482 1863 ff.
507 1781 582 1856 281,
603 1781 780 1844 27·5><20
800 1799 864 1845 cnr.
887 1783 905 1844 1
931 1801 975 1844 m.

201 1902 221 1963 i.
251 1903 365 1964 0-3Ιι
390 1903 538 1966 »Tabula
566 1907 663 1966 huius
687 1909 815 1983 operis«
841 1908 931 1966 initio
955 1908 1076 1968 mutila.

201 1987 222 2049 1.
246 1986 388 2051 31’-17b
410 1990 600 2054 Sermones
621 1989 733 2052 XXIV
756 1993 798 2054 de
821 1990 1047 2054 dedicatione.
1072 1987 1076 1997 '

201 2075 222 2138 i.
251 2072 409 2138 lib—57¹³
436 2077 641 2140 »Sermones
664 2077 706 2140 de
736 2078 1000 2155 quadragesima
1033 2084 1068 2140 et
1100 2078 1167 2141 alie
1210 2077 1501 2156 congregaciones

99 2163 143 2224 de
165 2169 354 2241 tempore«
381 2163 415 2226 ln
439 2164 521 2226 fine:
548 2165 706 2244 »Explicit
728 2165 808 2226 liber
830 2165 1023 2227 tabulatus«

201 2249 222 2310 1.
247 2249 431 2312 581-2511
466 2252 599 2330 »Incipit
632 2250 735 2329 Piper
768 2252 809 2313 de
845 2258 1002 2329 tempore
1036 2268 1116 2314 cum
1150 2251 1229 2313 aliis
1254 2251 1374 2313 multis
1397 2250 1499 2313 bonis

94 2336 345 2414 congregatis«
373 2336 478 2400 »Ecce
502 2355 559 2400 rex
582 2345 659 2400 tuus
690 2342 796 2400 venit«
822 2339 855 2396 ><
889 2337 1046 2417 »Explicit
1076 2339 1154 2400 liber
1187 2338 1227 2399 de
1263 2345 1408 2417 tempore
1443 2354 1500 2400 no·

94 2426 183 2488 mine
207 2422 330 2502 Piper«

200 2508 222 2571 i.
246 2506 453 2572 2512-283b
476 2507 655 2572 Sermones
679 2512 806 2572 diversi.

92 2679 169 2744 XIV
200 2592 326 2743 fkv283b
348 2595 534 2676 Modlitby:
558 2592 644 2660 otte
666 2589 741 2673 nas,
764 2593 898 2661 Zdrdva
921 2593 1104 2674 kralovno,
1127 2589 1254 2660 viiiv
1277 2597 1371 2660 buob
1395 2594 1497 2677 (saec.

199 2767 221 2830 1.
235 2767 315 2831 284·
329 2769 532 2848 Hospodine
550 2769 693 2850 pomiluj
711 2787 759 2848 ny
774 2763 910 2850 (pouhj'r
924 2775 1001 2834 text
1016 2773 1078 2834 bez
1093 2775 1163 2844 not,
1181 2785 1272 2832 saec.
1286 2768 1496 2850 xlv-XV).

199 2855 221 2916 1.
245 2854 326 2918 2841)
352 2855 465 2919 »Dicta
487 2857 662 2919 Aristotiiis
687 2858 829 2919 tenenda
852 2874 910 2937 per
933 2860 1081 2936 singulos
1105 2873 1270 2919 menses·

200 2944 353 3017 Operculis
376 2947 507 3018 adligata
528 2953 599 3003 sunt
622 2946 784 3018 fragmenta
806 2949 966 3006 membran.
990 2949 1102 3004 codicis
1137 2947 1250 3004 iuridici
1275 2947 1498 3017 latino-germa-

93 3031 153 3087 nici
179 3047 256 3090 saec.
281 3031 357 3092 XIV.
382 3033 415 3090 ln
438 3035 530 3090 fronte
554 3034 706 3104 fragmenti
729 3033 810 3091 inser.
836 3040 1009 3091 annotatum
1032 3041 1092 3094 est:
1128 3033 1205 3090 »Iste
1229 3039 1272 3088 est
1294 3033 1369 3089 liber
1391 3048 1497 3088 mona-

93 3121 180 3175 sterii
203 3119 430 3177 Borowenensis
454 3120 529 3176 alias
552 3119 671 3177 Forwas
695 3121 771 3178 dioc.
795 3120 898 3192 Prag.‹
945 3120 989 3176 Ex
1023 3123 1080 3177 hoc
1102 3122 1281 3177 monasterio
1304 3122 1400 3177 codex
1424 3120 1494 3176 bibl.

91 3204 332 3277 Rosenbergieae
355 3207 469 3278 obtigit,
493 3214 525 3263 ut
547 3210 635 3263 docet
656 3207 771 3277 insigne
793 3208 965 3278 adligatum,
990 3210 1068 3263 unde
1092 3213 1243 3264 restitutus
1259 3212 1302 3262 est
1317 3208 1496 3262 monasterio

89 3298 267 3349 restaurato.

201 3458 303 3541 1034
686 3459 745 3536 VI.
772 3461 816 3537 B.
844 3463 879 3537 1.

87 3601 202 3662 chart.
225 3616 314 3663 saec.
337 3597 394 3662 XI
398 3598 534 3661 V-XV
541 3600 587 3682 ff.
610 3600 684 3674 144,
706 3601 846 3664 30><21
872 3621 933 3664 ern.
958 3606 975 3664 1
1000 3621 1045 3665 m.

87 3720 229 3800 (Jacobi
253 3723 294 3784 de
317 3720 527 3801 voraginei)
561 3720 717 3799 Postilla,
752 3740 875 3787 carens
899 3725 1003 3787 initio
1026 3729 1061 3786 et
1076 3722 1155 3798 fine,
1181 3722 1237 3802 (N.
1261 3723 1384 3786 Jacobo
1408 3727 1493 3785 attri-

86 3809 201 3869 buitur
222 3825 243 3868 a
264 3809 506 3871 bibliothecario
529 3807 563 3871 S.
587 3808 614 3869 J.
637 3814 670 3870 in
693 3809 798 3872 ironte
821 3810 842 3873 i.
871 3813 926 3886 1⁸),
950 3827 1026 3873 cum
1050 3815 1136 3873 notis
1161 3811 1394 3889 marginalibus
1425 3827 1494 3871 ma-

479 3899 568 3956 xima
589 3912 631 3956 ex
654 3903 744 3974 parte
767 3901 884 3959 aetatis
908 3902 1107 3961 recentioris,

194 3983 227 4039 In
250 3985 388 4057 operculo
412 3999 507 4056 super.
531 3987 708 4042 intrinsecus
731 3987 805 4044 inter
829 3991 923 4044 varias
947 3995 1034 4044 notas
1057 3988 1240 4058 theologicas
1257 3989 1385 4044 occurrit
1401 4002 1490 4042 manu

84 4087 168 4127 saec.
192 4069 248 4125 XV
270 4073 310 4129 in.
335 4071 492 4144 inscriptus
514 4071 674 4128 Numerus
711 4073 917 4131 ecclesiarum
940 4073 1162 4145 parocbaiium
1199 4072 1385 4130 dioeceseos
1417 4071 1493 4129 Pra-

82 4156 200 4228 gensis
222 4158 398 4214 seeundum
427 4158 572 4230 singulos
605 4157 892 4217 archidiaconatus.
928 4160 1084 4234 (»Summa
1122 4161 1250 4230 1931,«)
1295 4159 1348 4218 Ed.
1383 4159 1491 4228 titillor,

84 4243 195 4315 Preger
217 4243 329 4302 Concil.
354 4261 382 4315 p.
411 4246 437 4303 1.
460 4244 494 4300 ln
516 4245 649 4303 frontes.
678 4247 711 4300 i·
735 4253 821 4303 nota:
869 4247 968 4304 »Haec
1001 4247 1121 4320 postilla
1153 4247 1257 4302 Jacobi
1280 4250 1315 4302 de
1338 4245 1488 4317 Vorogine

83 4336 207 4400 spectet
226 4329 445 4388 Braeznicium«
470 4332 544 4402 (alia
567 4327 688 4408 manuz)
714 4335 845 4390 »donata
867 4336 904 4390 ab
929 4335 1032 4393 illustr.
1057 4334 1241 4397 fundatore«

196 4497 295 4580 1035
694 4499 757 4575 VI.
784 4501 829 4576 B.
856 4501 892 4576 2.

81 4641 199 4702 chart.
222 4656 308 4701 saec.
332 4635 419 4700 XIV
421 4637 529 4700 -XV
536 4639 584 4722 ff.
606 4640 682 4717 206,
703 4641 848 4703 ,1οΧ22
868 4659 932 4704 cm.
955 4641 973 4703 1
1000 4659 1044 4702 m.

81 4759 239 4839 Remigii
260 4759 450 4824 Sermones
474 4777 581 4838 super
615 4761 782 4840 epistolas
816 4771 851 4824 et
883 4763 1066 4840 evangelia
1097 4777 1160 4840 per
1193 4760 1362 4824 circulum
1396 4759 1490 4822 anni·

192 4847 212 4908 i.
241 4849 274 4909 1⁸
300 4845 475 4910 »Fluminis
498 4853 640 4928 impetus
663 4849 794 4910 letificat
809 4853 970 4911 civitatem
997 4850 1068 4910 dei«
1095 4851 1127 4907 ><
1150 4849 1171 4912 i.
1188 4847 1267 4909 202·
1287 4845 1491 4925 »Expliciunt

83 4936 178 4996 dicta
201 4931 335 5012 Remigii
360 4951 460 5014 super
482 4937 639 5013 epistolas
663 4941 695 4996 et
717 4938 915 5015 evangelia«

191 5021 213 5082 1.
238 5017 444 5082 2031-2061
466 5019 595 5083 Tabula
617 5037 723 5082 rerum
748 5023 823 5097 (alia
846 5038 947 5085 manu
969 5021 1102 5097 addita).

763 5243 814 5296 420
