3890 5970
266 787 286 849 i.
315 781 512 848 1441--150δ
535 785 723 848 Sermones
745 791 834 862 varii,
858 803 997 864 quorum
1021 803 1108 847 unus
1131 790 1163 846 in
1187 785 1207 847 i.
1236 785 1310 848 150·
1334 787 1395 849 »de
1424 786 1554 865 triplici

154 873 420 1023 {ffirlergminis
435 871 480 934 Μ.
492 871 651 935 Mauricii
676 871 783 934 studii
797 871 984 951 Pragensis
998 879 1033 936 et
1048 871 1196 934 fratrum
1211 876 1288 948 (sic)
1300 873 1344 935 ad
1358 874 1392 937 S.
1410 873 1561 937 Crucem

264 1065 284 1126 1.
303 1058 500 1126 idol-156³
515 1061 709 1141 »Excerpta
720 1063 762 1126 de
773 1061 942 1125 Passione
965 1062 1119 1125 Simonis
1132 1062 1173 1125 de
1197 1061 1339 1124 Cassia«
1366 1067 1397 1120 ><
1435 1063 1562 1142 »Expli-

154 1156 244 1213 ciunt
274 1151 435 1230 Excerpta
466 1167 565 1229 super
596 1150 788 1211 Passionem
820 1150 907 1212 dom.
940 1147 1097 1230 Symonis
1125 1150 1165 1210 de
1201 1148 1319 1211 Cassia
1342 1150 1411 1212 ord.
1435 1152 1559 1212 herem.

153 1238 246 1299 linita
269 1239 407 1300 sabbato
438 1243 514 1316 post
536 1235 655 1298 festum
681 1255 707 1297 s.
732 1237 827 1298 Anne
853 1285 859 1298 .
884 1283 892 1297 .
916 1255 945 1297 a.
972 1235 1056 1298 1399
1079 1241 1111 1297 in
1135 1253 1266 1298 camera
1288 1236 1503 1298 habitacionis
1527 1241 1560 1298 in

153 1325 339 1406 Bud(weis)
362 1325 634 1402 capellanorum«

264 1427 285 1489 1.
314 1423 496 1488 157-1721
519 1425 698 1489 Sermones
722 1427 852 1488 diversi.

264 1515 284 1575 i.
314 1508 511 1575 172i—174i
534 1512 638 1574 Notae
662 1519 770 1574 variae
794 1514 1006 1592 theologicae.

264 1602 284 1662 1.
314 1601 509 1662 175·-176·
538 1599 775 1661 Vocabularius
808 1601 1115 1662 latino-bohemicus
1146 1593 1350 1679 (slovniiek
1371 1593 1561 1678 lat-tesky'

152 1681 351 1768 obsahujr'cr'
371 1687 421 1749 lit.
444 1686 522 1749 A-C
552 1704 573 1748 a
602 1679 749 1749 nektera
778 1688 880 1750 slova
905 1684 1005 1766 jina).
1037 1685 1086 1748 Ci.
1121 1682 1248 1761 Hanus‚
1280 1685 1445 1765 Dodavky
1467 1685 1479 1746 l
1503 1691 1558 1746 str.

153 1772 258 1836 6ὄ15.
287 1777 335 1836 14.

264 1879 285 1939 i.
314 1872 511 1940 1761-1771
534 1876 632 1938 Jesus
656 1879 844 1940 consolatur
866 1876 1002 1938 Mariam
1027 1878 1078 1937 die
1101 1875 1250 1938 Mercurii
1266 1882 1341 1937 ante
1357 1880 1557 1954 passionem.

264 1966 284 2026 1.
314 1965 373 2026 178
396 1965 471 2026 Duo
496 1981 677 2025 sermones,

264 2053 284 2113 1.
314 2052 508 2112 1792-184·
534 2049 587 2111 »ln
611 2055 767 2130 principio
791 2055 858 2111 erat
877 2051 1030 2110 verbum«
1049 2053 1080 2108 ><
1097 2049 1253 2128 »Explicit
1275 2047 1370 2111 Ordo
1382 2053 1562 2126 gestorum

151 2138 289 2201 Christi
320 2138 380 2218 (Μ.
409 2137 584 2200 Johannis
613 2137 705 2216 Hus)
732 2184 738 2198 .
764 2183 803 2197 ..
838 2139 953 2197 valens
984 2137 1026 2197 ad
1061 2136 1296 2214 predicandum
1327 2153 1402 2196 cum
1426 2152 1561 2196 concor-

151 2227 280 2288 danciis
312 2226 552 2304 evangeliorum
587 2224 699 2286 linitus
729 2242 759 2285 a.
791 2224 821 2284 d.
848 2222 931 2284 1408
962 2228 994 2283 in
1018 2223 1074 2284 fer.
1098 2222 1136 2284 Ill
1160 2228 1191 2284 in
1216 2223 1300 2284 testo
1325 2239 1350 2282 5.
1376 2223 1480 2283 Alexii
1504 2239 1562 2300 per
1670 2233 1672 2238 ’

151 2330 204 2374 me
230 2312 414 2374 Nicolaum
447 2311 644 2372 altaristam
673 2314 782 2372 altaris
816 2315 961 2389 corporis
993 2308 1110 2372 Christi
1142 2317 1174 2372 et
1205 2328 1232 2370 s.
1264 2313 1370 2370 crucis
1404 2309 1441 2370 in
1473 2307 1561 2370 Bud-

150 2416 284 2480 ways«

264 2504 284 2565 1.
314 2497 510 2565 184·-1851
534 2500 712 2563 Sermones
736 2501 802 2561 duo
826 2501 867 2561 de
891 2517 918 2560 5.
942 2499 1045 2560 Maria
1067 2498 1275 2576 Magdalena.

264 2607 285 2668 i.
314 2603 515 2668 1851-1871
541 2605 672 2685 »Incipit
694 2604 947 2683 Compendium
970 2604 1012 2665 de
1029 2603 1163 2665 naturis
1180 2603 1403 2664 animalium«
1420 2605 1453 2662 ><
1479 2601 1562 2664 »Ex-

151 2697 293 2774 plicita.
320 2692 403 2755 1408
426 2693 482 2754 ier.
506 2692 544 2754 ΙΙΙ
568 2698 643 2754 ante
673 2691 811 2753 Vincula
835 2710 861 2752 s.
894 2691 975 2751 Petri
1009 2689 1176 2752 Nicolaus
1199 2690 1241 2751 de
1264 2689 1419 2752 Trzebon
1453 2691 1558 2769 capel-

151 2783 251 2842 lanus
277 2785 421 2858 corporis
453 2779 570 2842 Christi
605 2785 636 2841 et
659 2796 685 2840 5.
710 2783 846 2839 crucis«
894 2777 1082 2856 Sequuntur
1103 2782 1211 2837 variae
1235 2783 1332 2838 notae
1349 2777 1561 2855 theologicae,

151 2885 239 2946 quae
264 2872 361 2928 etiam
385 2871 416 2927 in
440 2872 579 2944 utroque
603 2867 756 2944 operculo
781 2869 1020 2926 continuantur.

264 2974 354 3030 Manu
378 2990 456 3029 saec.
487 2973 542 3028 XV
574 2973 603 3028 in
628 2974 645 3028 1.
674 2973 731 3029 187
764 2974 801 3028 ad
833 2973 943 3027 calcem
967 2977 1054 3027 nota:
1081 2969 1185 3025 »Liber
1208 2970 1378 3024 monasterii
1402 2971 1509 3025 domus
1533 2984 1557 3025 5.

150 3061 252 3133 Egidii
276 3077 382 3117 canon.
407 3061 497 3131 regul.
522 3061 552 3116 in
575 3059 738 3130 Wltignaw
761 3059 835 3114 alias
860 3063 889 3112 in
912 3057 1073 3114 Trachon«
1099 3057 1211 3112 Deinde
1234 3058 1329 3112 codex
1352 3057 1422 3113 bibl.
1447 3057 1559 3112 1105111-

151 3151 291 3220 bergicae
314 3155 385 3215 erat,
409 3163 446 3202 ex
469 3163 528 3218 qua
551 3147 701 3202 restitutus
726 3151 770 3200 est
794 3145 974 3200 monasterio
998 3143 1137 3216 praelato.

264 3332 332 3413 173
763 3330 797 3404 1.
824 3329 872 3404 D.
900 3329 961 3406 33.

152 3473 264 3535 chari.
288 3489 375 3534 saec.
400 3471 489 3534 XIV
505 3490 552 3534 ex.
564 3473 611 3555 ff.
635 3473 709 3547 232,
731 3473 771 3534 31
787 3471 874 3532 ><22
896 3487 959 3534 cm.
983 3471 1014 3532 d.
1039 3489 1084 3533 m.

263 3592 408 3656 MissaIe
431 3597 481 3669 (ut
503 3596 730 3656 demonstrant
752 3595 836 3654 rubr.
862 3594 946 3654 testa
969 3599 1179 3671 patronorum
1203 3596 1235 3652 in
1260 3591 1445 3651 calendario
1469 3607 1563 3668 prae-

152 3681 308 3754 cedente)
331 3681 374 3742 ad
396 3698 501 3742 usum
525 3682 648 3744 eccles.
671 3682 808 3743 bohem.

265 3787 334 3842 Pars
357 3788 375 3846 1.
405 3790 416 3843 1
444 3789 540 3844 scissa
570 3794 623 3855 est,
647 3789 715 3842 item
740 3788 841 3843 excisa
864 3794 934 3842 sunt
957 3787 1101 3841 nonnulla
1125 3785 1196 3841 lolia
1219 3791 1287 3856 post
1314 3781 1375 3839 124
1398 3782 1478 3854 (ante
1503 3782 1560 3838 Ca-

152 3873 288 3944 nonem),
314 3881 400 3946 atque
423 3875 510 3930 etiam
525 3875 592 3929 finis
611 3875 712 3929 deesse
731 3875 853 3929 videtur.
869 3873 1019 3944 Operculis
1037 3872 1166 3942 adligata
1182 3877 1251 3926 sunt
1266 3871 1428 3941 fragmenta
1443 3871 1562 3925 membr.

153 3963 313 4017 cuiusdam
337 3960 477 4016 Breviarii
500 3977 578 4017 saec.
603 3959 665 4015 XII.
690 3961 740 4016 lat.
765 3961 849 4015 Unde
865 3960 938 4015 liber
953 3962 1126 4030 provenerit,
1144 3974 1290 4029 nusquam
1308 3963 1434 4025 notatur,
1452 3957 1564 4012 solum-

152 4051 243 4106 modo
268 4049 298 4102 in
322 4048 460 4120 operculo
484 4047 563 4105 inser.
589 4050 715 4102 occurrit
734 4054 803 4103 nota
827 4048 1009 4117 adglutinata
1025 4048 1196 4102 membrana
1220 4047 1356 4109 obducta,
1380 4046 1410 4099 in
1434 4061 1492 4115 qua
1515 4059 1564 4098 ca-

152 4137 233 4192 lamo
259 4149 339 4194 saec.
363 4134 418 4189 XV
441 4141 686 4190 commemoratur
708 4133 827 4206 quidam
851 4133 1001 4189 Johannes
1025 4131 1167 4202 Newegar
1189 4146 1346 4204 possessor
1368 4131 1443 4185 libri.

265 4301 336 4418 ua
762 4301 868 4378 ab.
894 4301 957 4377 11.

153 4446 263 4506 caari.
285 4425 373 4506 saec.
396 4441 594 4505 xiv-XV
601 4440 648 4524 ff.
672 4441 745 4518 205,
768 4441 910 4504 50><22
933 4459 993 4503 cm.
1018 4440 1050 4503 a
1073 4459 1118 4502 m.

265 4565 287 4626 1.
316 4561 448 4626 1⁸—llb
479 4564 662 4642 Registrum
693 4580 793 4641 super
821 4564 937 4623 librum
974 4562 1015 4622 de
1045 4566 1113 4622 vita
1145 4561 1321 4621 christiana
1351 4557 1495 4620 Simonis
1520 4558 1561 4617 de

154 4651 278 4714 Cassia
300 4653 508 4731 compilatum
532 4669 552 4710 a
574 4649 610 4710 fr.
634 4649 783 4711 Johanne
807 4650 847 4710 de
872 4648 1018 4711 Salerno.

265 4755 286 4816 1.
315 4751 473 4815 12¹³--11lb
503 4753 680 4832 Evangelia
710 4753 916 4814 dominicalia
946 4757 1044 4813 totius
1075 4755 1152 4812 anni
1177 4751 1296 4829 quibus
1323 4750 1403 4809 locis
1427 4753 1459 4809 in
1483 4749 1562 4808 libro

155 4841 304 4905 Simonis
331 4842 541 4903 attrahantur.

266 4946 287 5008 i.
316 4943 493 5006 15⁵-205b
516 4943 670 5007 Simonis
701 4943 841 5024 (Fidati)
866 4943 908 5004 de
932 4941 1059 5004 Cassia
1080 4941 1168 5003 liber
1190 4940 1231 5001 de
1265 4939 1340 5001 vita
1361 4937 1561 5000 christiana.

160 5033 215 5095 ·ln
239 5037 370 5094 nomine
395 5031 513 5094 Christi
536 5048 643 5092 amen.
667 5030 780 5109 Incipit
803 5031 881 5090 liber
904 5030 945 5089 de
968 5033 1034 5090 vita
1057 5029 1232 5090 christiana
1247 5026 1441 5088 venerabilis
1458 5024 1563 5086 fratris

200 5240 355 5300 munuli:
379 5255 422 5298 cn
437 5254 489 5298 coo.
505 5254 544 5297 lu.
837 5253 871 5303 65
1445 5249 1459 5291 5
