3856 5974
829 615 910 678 1584

272 816 372 900 1579
590 819 697 895 VIII.
725 819 765 894 F.
793 820 854 895 25.
882 837 960 902 (iti.
979 839 1003 890 2.
1023 853 1049 888 n.
1071 839 1142 900 rto.)

165 961 356 1022 membran.
380 979 467 1026 saec.
491 959 578 1024 XIV
587 959 634 1042 ff.
660 961 731 1034 154,
755 962 799 1023 23
813 967 841 1018 ><
856 963 896 1022 17
921 979 983 1022 cm.
1007 962 1028 1023 2
1051 979 1095 1023 m.

516 1084 704 1184 Sermones
728 1083 1045 1160 quadragesimales
1069 1085 1218 1162 triplices.

276 1257 295 1319 1.
325 1173 627 1319 latfflniiecssoffle
661 1260 818 1317 cinerum.
851 1255 1088 1317 Thesaurizate
1112 1257 1207 1317 vobis
1237 1258 1465 1318 thesauros..
1495 1304 1502 1318 .
1539 1263 1570 1316 st

168 1345 306 1404 celestes
331 1345 474 1405 thesauri
498 1349 647 1422 signant«
674 1345 706 1400 ><
733 1343 793 1403 »ab
817 1347 863 1403 ira
886 1360 943 1421 per
965 1347 1103 1421 ipsum«

278 1517 297 1579 1.
321 1433 640 1579 Mil—§glilecffindie
663 1519 822 1577 cinerum.
867 1515 951 1578 Cum
983 1517 1132 1577 ieiunatis
1151 1563 1158 1578 .
1179 1565 1184 1576 .
1205 1563 1214 1579 .
1233 1517 1318 1595 Quia
1341 1517 1441 1578 homo
1466 1533 1569 1595 quan·

167 1608 236 1664 tum
259 1605 302 1664 ad
326 1622 362 1664 se
386 1605 612 1665 deordinatur«
642 1607 680 1680 ><
708 1607 921 1676 »essenciam
960 1604 1111 1664 virtutem
1135 1609 1166 1663 et
1196 1603 1435 1682 operacionem.
1482 1602 1569 1681 Ergo

166 1697 247 1751 etc*
375 1779 423 1838 111.
452 1782 606 1837 collectio:

276 1862 296 1925 1.
321 1863 500 1925 91“-154·
525 1864 578 1926 »In
603 1866 654 1925 die
678 1869 833 1925 cinerum.
859 1862 942 1925 Cum
967 1866 1116 1923 ieiunatis
1135 1907 1143 1925 .
1163 1909 1169 1924 .
1191 1910 1198 1924 .
1217 1861 1302 1942 Quia
1336 1864 1432 1924 hodie
1468 1863 1569 1923 instat

168 1957 298 2028 tempus
322 1954 447 2011 ieiunii«
474 1953 506 2008 ><
533 1951 840 2029 »compaciebantur
870 1954 907 2010 ei.
934 1947 1107 2027 Rogemus.

277 2039 354 2095 Nota
377 2041 406 2095 in
430 2041 480 2097 iol.
505 2042 685 2112 praeligato:
716 2039 779 2096 »Ex
804 2039 967 2112 Oybinensi
992 2039 1202 2097 monasterio«

276 2207 374 2288 158⁰
747 2203 851 2282 VIII.
878 2207 918 2282 F.
946 2207 1007 2281 26.

169 2349 278 2410 chart.
303 2367 334 2409 a.
360 2347 576 2411 1756-1773
589 2344 639 2425 ff.
662 2349 702 2409 51
727 2365 832 2420 uuna,
855 2348 999 2410 23><18
1020 2365 1083 2408 σπι.
1108 2348 1139 2407 d.
1159 2365 1204 2408 m.

167 2470 337 2532 Rationes
361 2469 624 2547 procuratoriae
648 2469 850 2546 provinciae
872 2467 1061 2532 Bohemiae
1084 2469 1271 2532 societatis
1294 2469 1381 2532 Jesu
1411 2486 1490 2532 cum
1521 2484 1571 2534 re·

166 2557 319 2620 sidentia
343 2557 501 2619 eiusdem
538 2555 724 2619 societatis
757 2556 794 2617 in
825 2557 931 2618 Sacro
954 2556 1073 2618 Monte
1097 2575 1117 2619 a
1143 2558 1169 2616 1.
1189 2557 1262 2636 jan.
1288 2554 1371 2618 1756
1394 2572 1505 2634 usque
1528 2557 1571 2616 ad

671 2643 830 2704 ultimam
852 2642 951 2705 Iunii
977 2641 1068 2704 1773.

279 2732 382 2789 Codex
407 2751 433 2790 a.
463 2733 543 2789 185³
568 2734 639 2789 bibl.
664 2735 801 2789 donatus.

277 2901 360 2984 Ι58Ι
416 2903 511 2985 1582
665 2903 771 2978 VIII.
799 2904 838 2979 F.
866 2903 927 2979 27.
961 2928 987 2978 a
1014 2905 1047 2978 <t
1074 2903 1104 2979 b.

167 3045 279 3107 chart.
302 3061 390 3106 saec.
413 3042 504 3106 XIX
524 3045 566 3126 ff.
590 3063 613 3106 a
636 3043 709 3117 498,
736 3045 754 3104 b
777 3044 851 3117 510,
874 3045 915 3108 21
929 3045 1017 3108 ><17
1038 3063 1100 3107 cm.
1128 3046 1145 3106 1
1171 3061 1216 3106 tn.

168 3167 293 3230 Praxis
318 3164 462 3226 iuridica
485 3167 663 3228 austriaca
686 3167 800 3229 civilis
824 3183 970 3245 regnum
989 3165 1140 3228 Galiciae
1157 3166 1329 3244 imprimis
1346 3182 1571 3229 concernens.

257 3253 508 3328 (Praelectiones
532 3258 564 3314 in
587 3255 797 3314 universitate
822 3253 1033 3331 Leopolitana
1056 3254 1185 3314 habitae
1211 3270 1286 3314 esse
1310 3255 1485 3327 videntur.)

275 3343 400 3399 Codices
424 3343 454 3397 hl
478 3359 536 3399 una
560 3359 629 3400 cum
650 3343 733 3399 libris
756 3342 832 3414 pros.
856 3343 941 3400 'luna
964 3361 990 3402 a.
1019 3345 1099 3400 1863
1124 3344 1320 3400 bibliothecae
1351 3345 1527 3416 obtigerunt.

277 3513 372 3594 1583
634 3511 740 3588 VIII.
770 3513 815 3586 G.
844 3513 878 3587 1.
907 3527 1039 3596 (1.111.
1058 3530 1149 3590 nro.)

170 3659 281 3720 citari.
306 3675 338 3717 a.
363 3657 449 3720 1566
460 3655 507 3736 ff.
531 3654 596 3716 295
617 3671 721 3730 terrm„
745 3653 789 3714 20
803 3655 840 3730 ><
854 3653 899 3715 15
918 3670 982 3715 cm.
1006 3653 1037 3713 d.
1061 3671 1105 3714 m.

170 3778 425 3843 Annotationes
449 3777 486 3839 in
508 3775 689 3853 evangelia
713 3773 861 3836 dictatae
885 3774 927 3836 ab
950 3775 1087 3836 erudito
1109 3775 1186 3838 viro
1210 3775 1248 3836 1).
1273 3773 1440 3853 Magistro
1464 3775 1573 3839 Paulo

170 3865 383 3944 Philopatris
406 3863 601 3926 Melniceno
624 3861 733 3924 Zacae
756 3877 785 3922 a.
812 3859 905 3937 1566,
945 3862 991 3922 16.
1015 3860 1190 3923 Novembr.
1215 3861 1275 3923 His
1299 3867 1422 3924 inserta
1445 3869 1498 3923 est

279 3953 299 4013 1.
323 3947 527 4014 2581--2751
550 3949 715 4011 Eiusdem
739 3947 892 4011 auctoris
915 3946 1111 4026 Explicatio
1135 3949 1171 4010 in
1193 3951 1364 4028 hymnum
1390 3946 1499 4012 »Veni
1521 3965 1573 4011 re-

171 4042 331 4117 demptor
352 4038 526 4118 gentium«
554 4053 633 4099 cum
656 4035 944 4113 interpretatione
978 4034 1082 4098 istius
1116 4035 1239 4115 hymni
1273 4035 1462 4098 bohemica.
1509 4035 1572 4110 (De

169 4132 303 4188 auctore
327 4126 368 4188 cl.
393 4124 457 4186 LD.
482 4123 518 4199 ΙΙ,
540 4123 629 4196 395.)

278 4296 379 4378 1584
737 4294 843 4369 VIII.
884 4294 927 4370 G.
955 4295 989 4368 2.

171 4439 281 4502 chari.
315 4455 402 4499 saec.
425 4435 566 4518 XIVff.
589 4438 641 4509 51,
665 4435 742 4498 205
754 4435 850 4512 ><15
871 4453 933 4497 cm.
959 4435 976 4495 1
1002 4454 1046 4498 m.

279 4559 299 4620 1.
328 4558 464 4619 12-‘23a
498 4562 657 4633 (anepigr.)
699 4557 841 4620 Henrici
886 4559 928 4619 de
965 4556 1136 4619 Frimaria
1168 4556 1353 4636 Expositio
1388 4557 1574 4620 decretalis

169 4644 365 4708 iunocentii
387 4644 431 4706 111
454 4647 496 4707 de
520 4645 754 4707 celebratione
778 4643 920 4706 missae.
947 4643 1050 4706 »Cum
1074 4643 1210 4706 hiarthe.
1258 4644 1343 4723 Quia
1378 4645 1429 4706 ius
1453 4649 1575 4706 consti-

169 4737 310 4794 tucionis
335 4737 476 4793 maxime
500 4748 668 4793 sacrorum
693 4747 878 4792 canonum«
906 4731 945 4809 ><
973 4732 1021 4790 »si
1045 4731 1148 4809 digne,
1168 4731 1286 4792 debeat
1308 4732 1463 4793 exerceri.
1509 4731 1575 4792 Ex·

169 4822 302 4898 pliciunt
325 4822 402 4881 tituli
426 4822 576 4896 opusculi
600 4818 776 4896 prelibati«

278 4905 298 4966 l.
324 4901 487 4966 231-471
510 4903 694 4983 Expositio
717 4919 824 4982 super
846 4919 1019 4965 canonem
1045 4903 1185 4965 missae.
1236 4902 1379 4976 »Videte
1404 4905 1574 4982 quomodo

169 4997 265 5053 caute
288 4994 480 5054 ambuletis«
510 4997 540 5050 ><
567 5008 647 5053 »nec
670 4995 702 5052 in
726 5007 783 5052 cor
805 4992 947 5052 hominis
982 4992 1132 5051 ascendit
1151 5037 1158 5050 .
1179 5039 1185 5054 .
1206 5041 1212 5054 .
1231 4989 1326 5069 Expl.
1350 5007 1486 5070 expos<
1513 4997 1573 5054 etc.

172 5085 209 5142 ut
232 5095 342 5158 supra.

849 5301 898 5351 587
