3890 5970
860 537 901 598 53

179 767 237 828 per
259 747 407 811 Crucem
431 748 472 809 de
494 746 594 809 Telcz
618 751 736 824 scripta
760 763 817 824 pro
841 751 949 825 precio
972 765 1046 808 ven.
1071 747 1159 807 dom.
1183 745 1310 807 Thobie
1335 746 1527 824 predicatori
1553 751 1583 807 in

179 833 275 896 Nova
298 835 396 895 Plzna
419 853 447 894 a.
475 833 558 894 1472
581 833 636 894 ier.
661 833 686 894 II
710 839 784 894 ante
808 831 920 894 Galli«

284 937 305 999 1,
333 937 406 998 153·
421 973 436 981 -
454 937 527 998 168·
548 935 771 998 Testamenta
799 935 860 998 XII
883 937 1157 1015 patriarcharum
1180 938 1216 1016 (a
1238 937 1391 1000 Roberto
1415 936 1585 999 Lincolni-

179 1024 258 1087 ensi
287 1024 474 1101 translata)
508 1023 791 1101 »Transscriptum
822 1029 1005 1085 testamenti
1042 1023 1174 1084 Ruben«
1216 1037 1238 1074 ><
1270 1025 1382 1103 »Expl
1419 1030 1491 1085 test.
1530 1041 1586 1102 per

180 1112 331 1175 Crucem
370 1113 412 1172 de
445 1109 545 1172 Telcz
574 1115 606 1171 in
643 1111 742 1170 domo
774 1112 1015 1189 capellanorum
1048 1115 1080 1171 in
1111 1109 1204 1172 Nova
1228 1111 1327 1172 Plzna
1349 1130 1379 1172 a.
1407 1111 1488 1172 1468
1511 1119 1585 1171 ante
1701 1145 1707 1156 ·

180 1201 265 1278 vigil.
302 1215 328 1259 5.
361 1197 522 1259 Andree‹.
558 1195 746 1276 Sequuntur
774 1214 893 1258 versus
925 1199 966 1257 de
1000 1198 1113 1258 ordine
1148 1199 1300 1258 librorum
1336 1199 1440 1265 bibile,
1476 1198 1586 1275 alpha·

181 1288 292 1346 betum
316 1301 480 1364 graecum,
516 1290 595 1362 quot
626 1290 704 1345 sunt
737 1284 803 1344 libri
839 1288 871 1344 in
903 1290 969 1345 tota
1000 1285 1105 1354 biblia,
1137 1291 1217 1362 quot
1247 1289 1353 1362 capita
1384 1289 1415 1345 in
1449 1289 1586 1362 utroque

181 1371 406 1535 {estlarperpto
431 1375 650 1448 interpretatio
693 1371 846 1432 librorum
881 1372 1071 1432 biblicorum
1111 1372 1283 1432 bohemica
1321 1380 1434 1450 (manu
1472 1371 1586 1432 Crucis

205 1477 223 1518 e
279 1476 371 1520 ecz.

286 1561 308 1623 i.
336 1560 532 1623 ros-175·
561 1559 766 1638 (Alexandri
797 1561 840 1622 de
861 1560 951 1621 Villa
979 1559 1058 1641 Dei)
1087 1560 1199 1623 Biblia
1227 1577 1419 1638 pauperum
1449 1559 1587 1635 (Versus

183 1651 390 1710 memoriales
414 1652 561 1710 omnium
585 1651 728 1724 capitum
752 1648 946 1720 bibliorum).

287 1753 308 1814 i.
337 1747 608 1814 1761-200llir.
631 1750 805 1813 Johannis
828 1751 870 1811 de
893 1749 999 1812 Utino
1015 1750 1224 1828 Compilatio
1240 1751 1410 1814 librorum
1426 1750 1587 1813 historia·

181 1837 269 1904 lium
291 1839 401 1902 totius
433 1837 567 1900 bibliae.
603 1837 733 1898 »Reven
766 1841 845 1916 patri
880 1837 1058 1899 Bertrando
1082 1839 1187 1916 Aquil.
1213 1841 1411 1916 patriarche«
1439 1841 1472 1895 ><
1498 1855 1587 1915 »per-

183 1927 351 2005 petualiter
382 1931 605 2004 premientur.«
639 1923 855 2003 (Transverse
886 1926 969 1985 binis
1000 1927 1060 1985 col.
1085 1930 1205 2003 scripta
1228 1931 1260 1986 et
1283 1929 1414 2004 picturis
1449 1925 1585 1986 rudibus

183 2021 300 2074 ornata
322 2032 343 2074 a
365 2013 470 2076 Cruce
495 2013 535 2072 de
559 2009 682 2089 Telcz).

290 2117 311 2178 i.
335 2111 536 2178 201¹-358b
567 2115 726 2193 Hugonis
756 2116 798 2176 de
829 2114 936 2177 Prato
965 2114 1105 2177 Florido
1137 2114 1325 2178 Sermones
1356 2117 1397 2178 de
1419 2121 1587 2194 tempore.

186 2203 305 2266 »Dabit
327 2209 400 2265 voci
424 2221 485 2264 sue
508 2219 626 2263 vocem
650 2205 797 2263 virtutis«
813 2203 846 2259 ><
863 2201 974 2280 »Exul
999 2218 1170 2262 sermones
1187 2204 1428 2281 evangeliorum
1453 2204 1589 2264 domini·

183 2293 274 2352 cales
298 2291 376 2352 liniti
402 2308 459 2368 per
483 2289 632 2351 Crucem
664 2290 706 2350 de
737 2287 836 2349 ‘l'elcz
859 2293 890 2348 in
915 2289 1015 2349 domo
1038 2293 1230 2349 vicariorum
1265 2294 1297 2350 in
1322 2289 1421 2350 Plana
1442 2288 1536 2350 Nova
1559 2308 1588 2350 a.

186 2376 272 2439 1470
295 2378 351 2438 ier.
376 2377 414 2438 lll
438 2383 514 2455 post
536 2377 692 2454 palmas«

290 2464 311 2525 i.
335 2459 535 2526 359·-519i
559 2461 750 2540 (Buzkonis
775 2477 862 2538 mag.
879 2461 1104 2538 Pragensisi)
1121 2461 1310 2524 Sermones
1327 2460 1466 2524 diversi.
1487 2461 1588 2524 »Cum

185 2556 463 2630 appropinquaret
485 2548 604 2610 Jesus«
618 2551 648 2606 >a
664 2549 709 2629 (in
733 2548 817 2608 festo
842 2546 941 2626 Luce)
968 2550 1149 2608 »miraculis
1173 2549 1350 2609 eiusdem«

288 2657 321 2714 In
353 2659 523 2713 membrana
553 2659 647 2711 codici
679 2655 839 2727 praeligata
863 2653 943 2709 Crux
965 2656 1000 2709 de
1032 2654 1117 2710 'lelcz
1152 2655 1305 2711 annotavit
1337 2656 1410 2711 haee
1434 2663 1589 2712 contenta:

189 2744 229 2805 »1,
255 2745 332 2816 Lyra
355 2759 443 2815 super
466 2759 573 2814 corpus
593 2741 634 2796 IV
649 2742 906 2814 evangelistarum,
930 2740 964 2796 ii.
989 2741 1075 2812 Hugo
1092 2744 1127 2796 de
1143 2741 1227 2797 Prato
1250 2741 1367 2798 Florido
1384 2758 1471 2814 super
1486 2759 1589 2814 evang.

185 2832 338 2902 dominic„
369 2830 417 2886 111.
452 2825 566 2887 Diversi
590 2845 740 2885 sermones
770 2827 919 2884 Buzkonis
954 2844 1030 2898 mag.
1066 2827 1249 2898 hagensis«
1275 2827 1319 2883 Ex
1342 2829 1387 2884 his
1411 2828 1487 2900 Lyra
1510 2832 1591 2884 deest

185 2923 327 2987 omnino;
358 2933 428 2972 num
460 2915 615 2972 Sermones
647 2916 756 2971 diversi
788 2915 937 2970 Buzkonis
969 2915 1037 2981 sint,
1068 2918 1248 2985 ignoramus.
1287 2915 1342 2980 (De
1374 2915 1513 2972 Buzkone
1538 2931 1589 2971 seu

185 3005 339 3062 Bohuslao
363 3007 397 3060 de
421 3003 513 3073 Praga
536 3003 572 3061 ci.
595 3003 711 3060 Balbini
734 3001 809 3058 Boh.
833 3003 912 3058 doct.
935 3000 971 3068 ΙΙ,
999 3003 1056 3056 192
1082 3002 1150 3059 edit.
1174 3001 1297 3072 Ungar.)
1313 3001 1416 3058 Codex
1433 3011 1502 3060 erat.
1520 3003 1590 3059 bibl.

186 3091 430 3162 Rosenbergicae,
455 3091 522 3146 dein
547 3090 689 3146 canoniae
712 3088 918 3144 Tiebonensis.

293 3258 346 3339 52
802 3256 831 3331 I.
860 3256 906 3330 A.
934 3255 995 3330 42.

186 3399 299 3460 chari.
322 3415 407 3459 saec.
432 3396 501 3459 XV
511 3398 559 3480 ff.
582 3398 657 3474 381,
680 3398 720 3459 31
737 3397 830 3475 ><22
853 3413 915 3458 cm.
941 3397 958 3458 1
983 3415 1028 3457 m.

216 3611 221 3622 ι
280 3518 462 3622 ’Βπιονίπὶἰ
486 3535 567 3597 pars
590 3516 771 3580 aestivalis
794 3535 814 3577 a
836 3517 921 3578 sesto
945 3516 978 3580 S.
1002 3516 1167 3580 Trinitatis
1191 3535 1297 3596 usque
1327 3520 1370 3580 ad
1394 3519 1514 3582 testum
1538 3521 1592 3581 de·

189 3607 332 3752 dicahpn
336 3623 431 3754 ι151112
456 3691 590 3754 Calend.
622 3692 739 3752 eccles.
763 3695 858 3769 incip.
881 3689 949 3751 Vlll
974 3689 1042 3752 Cal.
1065 3691 1179 3754 Junias
1202 3709 1308 3771 usque
1339 3693 1381 3753 ad
1406 3693 1507 3755 linem
1529 3691 1593 3754 No·

189 3779 344 3850 vembris
369 3795 435 3857 quo
459 3785 545 3840 cont.
570 3779 655 3840 rubr.
680 3777 764 3838 testa
788 3775 821 3838 S.
839 3775 1085 3840 Ludmilaedcs.
1109 3777 1293 3841 Venceslai.
1317 3777 1412 3840 Nom.
1430 3785 1592 3842 mensium

189 3870 287 3967 etiam
312 3865 442 3926 bohem.
457 3870 693 3943 superscripta:
725 3863 895 3937 Czerwen,
919 3862 1149 3937 Czerwenecz,
1181 3864 1295 3945 Srpen,
1320 3865 1436 3946 Zaraij,
1461 3867 1592 3946 Rzigen,

190 3951 437 4098 Llswpgi'bibl.
462 4057 527 4098 can.
552 4042 642 4112 regul.
667 4040 698 4098 S.
722 4039 881 4110 Augustini
904 4039 1055 4098 Trebonae
1080 4043 1202 4118 (1718).

298 4208 351 4289 53
803 4209 832 4284 I.
861 4210 908 4284 A.
935 4211 996 4285 43.

190 4351 301 4413 chart.
324 4367 412 4411 saec.
437 4346 654 4431 XIVsXVff.
679 4348 751 4425 149,
774 4349 818 4411 30
833 4349 923 4425 ><21
949 4367 1011 4412 cm.
1036 4353 1054 4413 l
1079 4370 1123 4413 m.

297 4469 317 4531 l.
347 4469 481 4530 ill-59a
502 4469 660 4548 (anepigr.)
682 4468 871 4532 Sermones
898 4473 940 4532 de
961 4477 1129 4549 tempore.
1157 4473 1264 4536 »Hora
1287 4481 1338 4536 est
1360 4493 1422 4536 nos
1445 4481 1510 4537 iam
1532 4525 1539 4538 .
1559 4524 1593 4539 ..

191 4557 226 4619 ln
252 4559 314 4618 hac
338 4558 493 4634 epistola«
516 4555 544 4618 ><
565 4561 684 4634 »piscis
707 4560 767 4617 iste
792 4557 890 4618 habet
913 4561 1102 4636 pennulas«

296 4643 317 4704 i.
342 4641 520 4704 59·-149υ
532 4647 690 4718 (anepigr.)
707 4643 853 4705 Postilla
864 4645 906 4705 de
917 4650 1085 4722 tempore.
1102 4644 1204 4708 »Cum
1220 4652 1519 4728 appropinquasset
1536 4697 1542 4711 .
1561 4697 1568 4711 .
1587 4697 1593 4710 .

191 4729 296 4792 Multa
310 4734 526 4808 pretermittit«
543 4732 574 4786 ><
592 4747 676 4791 »non
708 4735 759 4790 est
789 4731 928 4792 salubris
959 4736 1149 4810 penitencia,
1177 4747 1247 4812 ¹que
1275 4752 1333 4813 per
1363 4742 1499 4797 matrem
1534 4743 1594 4797 etc.

193 4815 369 4896 Otpoczyn
393 4817 563 4877 hubencze
587 4816 727 4895 chudy.‹

294 4905 328 4962 In
352 4907 427 4962 loliis
451 4905 587 4976 adligatis
611 4913 680 4962 sunt
702 4908 800 4962 variae
823 4912 909 4963 notae
932 4908 1126 4979 theologicae.
1150 4909 1252 4966 Codex
1269 4927 1295 4967 a.
1317 4912 1396 4970 1609
1414 4918 1474 4967 erat
1490 4911 1596 4968 biblio·

192 4994 295 5048 thecae
318 4993 561 5064 Rosenbergicae‚
584 4999 688 5064 postea
711 4993 879 5049 monasterii
902 4991 1109 5054 Tiebonensis.

882 5213 913 5264 15
