3830 5966
1044 565 1124 624 1344

928 648 1239 662 .--ι--

489 777 592 859 1344
1003 772 1079 847 llll.
1109 769 1148 846 F.
1176 769 1236 844 25.

385 924 493 982 caari.
516 934 601 978 saec.
626 915 693 976 XV
702 915 748 997 ff.
771 915 846 989 238,
869 914 962 992 19><
976 914 1021 976 15
1042 931 1104 976 cm.
1128 912 1161 973 d.
1185 928 1230 972 m.

384 1039 603 1102 Breviarium
640 1039 713 1109 (seu
749 1039 857 1115 potius
891 1035 1073 1114 fragmenta
1108 1033 1338 1094 breviariorum
1374 1031 1406 1090 in
1440 1041 1540 1087 unum
1574 1019 1800 1090 coadunata).
1904 1061 1905 1108 y

385 1143 510 1206 magna
533 1141 578 1186 ex
600 1131 698 1202 parte
720 1121 907 1199 Proprium
930 1125 972 1183 de
996 1120 1128 1183 sanctis
1151 1118 1348 1181 continens.
1372 1113 1539 1176 Praecedit
1553 1111 1801 1179 calendarium,
1904 1127 1905 1130 ¹

495 1217 529 1274 A.
559 1215 638 1271 1609
663 1217 757 1270 codex
780 1221 841 1268 erat
865 1212 935 1268 bibl.
958 1212 1208 1281 Rosenberglcee‚
1233 1212 1337 1279 postea
1359 1209 1484 1260 monast.
1509 1201 1728 1257 l'iebonensls.

491 1349 589 1431 1345
965 1344 1045 1421 VII.
1074 1344 1115 1420 F.
1143 1343 1196 1417 26
1221 1365 1257 1416 α.

385 1491 574 1554 membran.
598 1507 686 1552 saec.
710 1487 765 1550 XI
768 1487 796 1547 V
803 1485 849 1569 ff.
871 1487 946 1562 325,
961 1485 1040 1548 185
1050 1485 1090 1562 ><
1102 1484 1146 1548 13
1159 1500 1233 1558 cm„
1249 1481 1280 1543 d.
1298 1498 1343 1544 m.
1360 1495 1443 1540 cum
1458 1475 1530 1537 init.
1542 1475 1619 1558 pict.

385 1613 603 1675 Breviarium
638 1608 866 1687 praecedente
899 1605 1097 1754 caierssdzrio
1113 1608 1177 1764 Ι(131
1212 1619 1278 1684 quo
1313 1603 1435 1662 desunt
1464 1597 1550 1660 leste
1572 1603 1800 1676 patronorum

1012 1709 1183 1754 oemrae.

492 1832 589 1915 1346
963 1829 1042 1907 VII.
1072 1831 1110 1906 F.
1139 1830 1191 1904 26
1219 1829 1249 1904 b.

388 1974 578 2038 membran.
601 1989 688 2035 saec.
713 1970 782 2034 XV
791 1970 841 2052 ff.
864 1971 938 2047 220,
961 1971 1139 2034 18><12·5
1159 1987 1223 2032 cm.
1249 1969 1266 2029 1
1292 1984 1337 2028 m.

388 2095 605 2158 Breviarium
628 2094 858 2173 praecedente
881 2093 1089 2168 calendario,
1112 2095 1145 2152 in
1169 2106 1235 2170 quo
1258 2091 1434 2149 occurrunt
1462 2084 1546 2147 lesta
1583 2101 1608 2144 s.
1635 2091 1800 2164 patrono-

945 2197 1015 2242 rum
1040 2179 1225 2240 Bohemiae.

495 2271 571 2328 Nota
592 2275 623 2327 in
647 2271 785 2342 operculo
809 2287 922 2343 super:
950 2271 1058 2327 »Detur
1080 2270 1169 2324 alcui
1192 2264 1341 2323 moniali«

492 2407 589 2488 1347
986 2405 1070 2484 VII.
1104 2403 1147 2479 G.
1178 2404 1213 2478 1.

388 2547 496 2610 chart.
519 2565 607 2608 saec.
631 2545 699 2608 XV
718 2564 764 2608 ex.
783 2545 823 2628 ff.
848 2545 921 2620 149,
943 2544 1127 2623 13·5><10
1140 2563 1203 2606 cm.
1226 2544 1244 2605 1
1271 2563 1316 2607 m.

497 2667 516 2728 1.
547 2667 680 2728 1⁸-490
702 2667 740 2729 L.
764 2666 901 2729 Annaei
924 2666 1076 2728 Senecae
1100 2664 1279 2743 Epistolae
1302 2666 1346 2727 ad
1369 2665 1541 2727 Lucilium
1582 2665 1625 2726 de
1649 2665 1798 2726 institu-

387 2755 484 2818 tione
507 2771 655 2816 morum.
682 2754 748 2815 »Ita
770 2754 822 2816 iac
846 2771 902 2833 my
926 2753 1044 2814 Lucili«
1072 2757 1102 2808 ><
1128 2757 1233 2831 (epist.
1258 2753 1314 2830 89)
1341 2754 1437 2814 »nihil
1461 2757 1552 2814 scire.
1576 2749 1690 2812 Vale«

497 2840 516 2902 1.
541 2840 704 2902 491-62·
727 2840 830 2903 index
853 2855 960 2900 rerum
983 2845 1016 2900 in
1039 2841 1185 2917 epistolis
1210 2843 1450 2901 occurrentium
1474 2841 1714 2918 alphabeticus,

498 2929 516 2989 1.
541 2925 600 2990 621
624 2927 656 2990 S.
680 2927 904 3006 Hieronymus
928 2930 960 2987 in
985 2925 1142 3004 Catalogo
1166 2925 1206 2986 de
1231 2924 1368 2988 Seneca.
1393 2924 1472 2988 ltem
1503 2927 1709 3006 epitaphium
1735 2925 1797 2988 Se-

390 3032 500 3077 necae.

498 3101 517 3161 1.
542 3098 705 3162 621-65*
728 3099 895 3162 Eiusdem
919 3105 955 3160 et
977 3114 1004 3158 s.
1028 3097 1126 3159 Pauli
1150 3099 1320 3176 epistolae
1343 3103 1510 3179 (spuriae).

494 3187 513 3248 1.
538 3187 720 3248 662—138·
744 3185 981 3249 Auctoritates
1003 3183 1171 3247 librorum
1193 3185 1408 3248 Aristotelis.

497 3273 517 3335 1.
546 3270 748 3336 138“-1381’
774 3274 952 3352 »Apuleius
976 3272 1017 3332 de
1042 3272 1104 3334 deo
1129 3271 1302 3334 Socratis«
1351 3273 1561 3352 Empedoclis
1592 3273 1718 3334 dictum
1752 3275 1794 3335 de

390 3361 603 3440 philosophia.

498 3447 518 3507 1.
547 3443 748 3508 i'dtlt-lddb
771 3443 1008 3508 Auctoritates
1032 3461 1177 3524 operum
1200 3445 1363 3509 Senecae.

492 3533 512 3594 1.
542 3529 744 3595 1461-1481
767 3533 1004 3595 Auctoritates
1026 3531 1156 3593 Timaei
1180 3531 1347 3593 Platonis.

497 3620 517 3681 1.
547 3615 621 3680 149b
643 3619 769 3681 Versus
794 3620 834 3680 de
858 3634 948 3680 more
972 3623 1060 3697 pigri.
1100 3617 1416 3681 Niederdeutscher
1437 3618 1668 3698 Reimsprueh
1704 3621 1795 3682 iiber

391 3705 446 3768 die
468 3706 753 3784 Altersperloden
777 3708 838 3768 des
861 3704 1062 3768 Mensehen.

498 3814 536 3869 Ut
560 3816 645 3870 docet
668 3821 739 3870 nota
760 3816 791 3868 in
815 3813 865 3871 iol.
889 3815 1049 3885 praeligato
1073 3827 1099 3868 a.
1129 3813 1208 3870 1513
1225 3815 1376 3884 inscripta,
1400 3820 1513 3885 praeter
1528 3813 1674 3885 opuscula
1700 3829 1794 3886 supra

389 3903 535 3956 recensita
557 3901 659 3956 codice
683 3903 739 3955 hoc
762 3900 832 3955 olim
856 3906 995 3957 contenta
1017 3907 1099 3954 erant
1121 3901 1214 3957 haec:
1239 3899 1264 3956 J.
1290 3899 1495 3974 chrysostomi
1518 3904 1663 3955 tractatus
1686 3903 1724 3955 de
1747 3917 1794 3957 re-

389 3988 540 4058 paratione
564 3989 639 4059 lapsi
663 3987 823 4057 impressus
847 4003 873 4048 a.
903 3986 993 4056 1495,
1016 3985 1179 4044 Innocentil
1202 3991 1343 4042 tractatus
1367 3989 1404 4042 de
1427 3986 1539 4042 vilitate
1556 3989 1705 4042 humanae
1721 4003 1794 4043 con·

389 4073 519 4133 ditionis.
544 4072 726 4145 Opusculum
749 4073 768 4127 h
790 4089 898 4128 cnunc
922 4075 1113 4138 desideratur,
1138 4073 1211 4128 illud
1236 4075 1347 4144 require
1370 4075 1445 4128 inter
1467 4073 1650 4129 incunabula
1671 4081 1792 4146 typogr.

389 4159 560 4215 Secundum
583 4169 682 4216 notam
706 4161 830 4215 eandem
854 4175 880 4214 a.
911 4159 989 4215 1513
1014 4161 1110 4214 codex
1134 4167 1234 4216 noster
1270 4167 1332 4215 erat
1368 4159 1581 4215 canonicorum
1612 4160 1794 4230 regularium

390 4249 559 4302 monasterii
582 4263 606 4303 s.
630 4247 739 4302 Mariae
762 4261 852 4317 prope
877 4245 1060 4316 Segeberghe
1085 4245 1192 4304 Lubec.
1226 4246 1331 4312 dioec„
1378 4253 1481 4318 postea
1515 4245 1652 4303 »Hernici
1683 4249 1794 4319 equitis

391 4333 566 4404 cognomine
590 4333 753 4404 Rahtzou«‚
777 4341 925 4403 postremo
950 4335 1057 4388 domus
1080 4333 1228 4404 professae
1262 4332 1293 4388 S.
1316 4332 1343 4390 J.
1368 4335 1405 4388 ad
1429 4349 1453 4388 s.
1478 4331 1637 4388 Nicolaum
1669 4333 1792 4405 Pragse.

494 4465 594 4547 1348
989 4464 1072 4542 VII.
1104 4465 1148 4542 G.
1173 4467 1209 4544 2.

390 4589 495 4652 chart.
518 4606 604 4652 saec.
629 4586 717 4650 XVI
723 4587 769 4670 ff.
793 4588 1048 4664 85‚15><10·5
1069 4606 1131 4650 cm.
1155 4590 1174 4650 1
1199 4607 1244 4650 m.

777 4692 879 4778 biber
901 4709 1054 4770 precum,
1084 4697 1136 4754 cui
1159 4697 1280 4755 inserta
1303 4699 1397 4756 sunt:

498 4795 518 4858 1.
542 4793 704 4856 451-47δ
727 4797 880 4859 Thomae
905 4799 946 4859 de
969 4797 1113 4875 Kempis
1136 4797 1370 4880 Alphabetum
1392 4798 1511 4862 devoti
1535 4799 1713 4862 monachi.

498 4883 518 4944 1.
542 4879 705 4944 sab-56·
728 4885 761 4947 S.
785 4885 991 4963 Hieronymi
1014 4882 1172 4961 Epistola
1194 4885 1237 4946 ad
1259 4884 1453 4948 Paulinum.

498 4968 519 5030 1,
542 4970 705 5032 561-61ει
738 4971 772 5034 S.
802 4971 989 5049 Augustini
1022 4970 1124 5032 Liber
1158 4973 1200 5033 de
1234 4975 1437 5050 contemptu
1471 4971 1603 5036 mundi.
1653 4975 1792 5036 »Audite

389 5053 504 5116 iratres
528 5058 728 5118 charissimi«
756 5061 788 5117 ><
815 5058 1011 5118 »reddamus
1034 5061 1162 5135 gracias
1186 5057 1212 5120 J.
1237 5057 1331 5122 chr..

1064 5281 1114 5332 512
