3890 5970
897 551 931 610 31

318 760 339 820 i.
364 759 545 820 217-246.
569 760 759 830 lutherus,
792 767 886 820 secta
917 760 993 835 ejus
1016 764 1051 819 et
1080 756 1331 835 praedicantes.
1377 755 1542 835 (Carmina
1572 763 1617 819 in-

209 851 340 908 vectiva
362 851 394 908 in
418 847 593 907 Lutherum
619 851 761 907 auctoris
784 851 951 924 anonymi,
983 861 1122 923 quorum
1155 848 1243 904 initio
1274 845 1356 904 haec
1380 849 1456 904 nota
1480 851 1618 906 occurrit

210 939 241 994 in
268 939 429 1011 margine:
454 935 546 994 Ausz
570 935 644 993 dem
666 932 819 992 unsterbl.
845 931 964 992 Luther
978 949 1136 1010 gezogen.
1163 929 1316 1008 Impress
1341 929 1487 991 Viennae
1508 932 1613 1006 1699).

318 1035 380 1097 Τ11.
405 1037 478 1097 cod.
503 1039 523 1096 b
547 1037 632 1096 idem
657 1042 826 1113 astatque
851 1040 974 1114 prioris
996 1045 1028 1096 ct
1057 1034 1185 1095 videtur
1214 1038 1379 1094 continere
1403 1035 1510 1094 codex
1534 1053 1610 1114 sup-

208 1125 408 1200 plementum
433 1127 571 1200 primum
595 1119 792 1204 (secundum
817 1141 854 1182 v:
878 1122 899 1183 l.
924 1123 962 1182 A.
992 1121 1042 1199 17)
1077 1120 1296 1199 praelatorum
1328 1120 1606 1198 Fragmentorum.

317 1229 360 1286 Cf.
396 1230 513 1284 codices
548 1230 624 1300 sign.
647 1229 669 1285 I.
693 1229 728 1285 A.
757 1231 804 1285 18.
829 1229 853 1284 81
878 1231 938 1298 26,
972 1232 1040 1284 item
1075 1230 1181 1284 librum
1217 1229 1349 1282 eiusdem
1385 1229 1514 1284 auctoris
1550 1232 1606 1284 sub

206 1317 310 1371 eodem
333 1317 418 1372 titulo
442 1315 549 1386 Pragae
578 1316 657 1372 1747
682 1318 760 1386 typis
783 1319 903 1385 editum,
935 1317 984 1386 qui
1008 1323 1106 1370 tamen
1130 1331 1197 1369 cum
1222 1318 1288 1370 cod.
1315 1318 1422 1370 nostris
1458 1331 1511 1370 ms.
1548 1332 1607 1372 non

206 1406 328 1458 omnino
351 1407 520 1459 concordat.
546 1402 671 1459 Codices
695 1405 796 1459 donati
820 1405 856 1457 ab
881 1413 999 1458 auctore
1024 1419 1049 1458 a.
1079 1403 1158 1458 1766
1184 1401 1381 1456 bibliothecae
1406 1402 1521 1472 collegii
1545 1402 1609 1458 S.J

206 1489 421 1560 Neo-Pragensi
445 1493 481 1545 ad
505 1489 535 1545 S.
559 1490 714 1561 Ignatium.

311 1673 365 1755 28
802 1673 838 1748 I.
868 1673 1004 1748 11111.

209 1815 316 1874 chart.
340 1817 475 1894 autogr.
498 1831 585 1876 saec.
610 1813 649 1876 Χ
657 1814 735 1876 VIII
741 1814 787 1897 ff.
810 1814 877 1874 255
898 1831 989 1874 1111111.
1013 1813 1152 1874 31><21
1178 1830 1240 1873 cuz.

316 1935 508 2012 »Appendix
532 1935 574 1994 ad
605 1935 814 2013 Fragmenta
849 1933 1051 2012 poetarum«
1090 1934 1235 2013 (auctore
1266 1933 1423 2010 Josepho
1458 1935 1607 1997 Ernesto

202 2020 386 2095 Barisien).

313 2128 486 2198 Fragmenta
520 2136 670 2199 poetarum
705 2135 823 2184 auctore
858 2127 883 2184 J.
908 2127 940 2184 E.
964 2127 1098 2183 Barisien
1131 2144 1165 2182 v:
1198 2127 1218 2183 1.
1251 2129 1286 2183 A.
1315 2129 1363 2183 18.
1396 2127 1420 2182 61
1449 2129 1495 2186 19.
1520 2137 1548 2184 01
1572 2134 1609 2186 ad

207 2217 310 2269 cadem
334 2214 574 2286 Supplementum
598 2218 761 2270 secundum
784 2215 805 2270 l.
831 2215 865 2270 A.
896 2217 941 2273 17.
965 2213 1008 2269 Cf.
1033 2217 1120 2269 etiam
1143 2215 1249 2269 librum
1282 2231 1309 2270 a.
1338 2215 1418 2271 1747
1444 2218 1481 2270 ab
1505 2220 1608 2272 eodem

207 2302 286 2371 typis
311 2304 420 2356 editum
444 2301 563 2371 Pragae.
586 2301 785 2356 Bibliothecae
810 2301 926 2371 collegii
950 2301 979 2357 S.
1004 2299 1029 2357 J.
1055 2301 1238 2370 Neo-Pragae
1263 2305 1300 2356 ad
1324 2300 1354 2357 S.
1379 2300 1525 2372 Ignatium
1555 2304 1611 2374 (si-

209 2395 259 2442 cut
282 2389 400 2443 codices
424 2390 630 2458 praecedentes
655 2396 682 2443 et
705 2390 918 2458 subsequentes
940 2388 1065 2443 donavit
1093 2389 1218 2458 auctor).

313 2573 364 2653 29
802 2572 907 2648 1.-Α.
935 2571 997 2646 21.

200 2713 308 2773 chart
332 2716 466 2792 dittogr.
491 2729 524 2772 a.
548 2711 634 2773 17511
646 2711 693 2792 ff.
718 2713 896 2774 libitum.
920 2713 1147 2774 35)(221111.

312 2837 441 2906 (Titulus
466 2836 520 2905 1.;)
544 2832 698 2894 Lexicon
720 2832 928 2911 Theologiae
952 2827 1104 2906 Moralis,
1140 2832 1266 2895 Omnes
1290 2834 1355 2894 fere
1382 2833 1608 2904 Definitiones.

200 2919 388 2980 Divisiones
423 2927 454 2980 et
485 2919 734 2980 Subdivisiones
766 2925 810 2980 uti
842 2927 873 2981 et
896 2921 1058 2998 quasdam
1082 2919 1167 2981 luris
1192 2920 1348 2982 Canonici
1373 2923 1607 3000 complectens,

198 3007 406 3083 alphabetico
430 3007 542 3066 ordine
566 3013 836 3083 congestum...
862 3012 1084 3085 conscriptum
1107 3025 1127 3067 a
1156 3007 1313 3084 Josepho
1337 3007 1488 3071 Ernesto
1512 3009 1608 3071 Bari·

200 3093 287 3154 sien.
313 3092 433 3170 Pragae
462 3092 553 3152 1742.
578 3092 627 3153 1)0
651 3109 738 3153 novo
763 3093 963 3172 descriptum
991 3094 1083 3154 1751.

309 3199 377 3270 (Tit.
402 3199 459 3271 112)
483 3195 708 3257 Definitorium
732 3195 932 3290 Theologiae
957 3197 1089 3258 hloralis
1113 3204 1175 3259 etc.

308 3305 354 3358 Ab
386 3310 503 3360 auctore
535 3320 561 3359 a.
590 3303 670 3359 1766
695 3305 796 3360 donat.
822 3306 1015 3361 bibliothecae
1045 3307 1161 3376 collegii
1186 3305 1216 3362 S.
1241 3306 1265 3360 J.
1291 3305 1371 3376 Prag.
1399 3309 1438 3360 ad
1462 3306 1492 3361 S.
1517 3305 1603 3376 Igna·

198 3392 286 3446 tium.

304 3557 360 3638 30
784 3559 826 3655 Ι1.
856 3559 992 3634 111.

200 3698 308 3758 chart.
333 3700 468 3776 autogr.
494 3716 526 3758 a.
544 3697 627 3760 1762
650 3701 814 3760 exaratas
825 3699 871 3781 ff.
896 3699 948 3762 62.
973 3717 1066 3761 itiam.
1089 3701 1319 3762 35><221111

309 3817 435 3879 »Index
457 3818 664 3881 universalis
687 3817 724 3878 in
758 3819 909 3897 quinque
928 3819 1116 3881 Volumina
1139 3825 1170 3882 in
1195 3821 1271 3882 lolio
1294 3819 1603 3884 Miscellaneorum

196 3921 215 3965 e
239 3904 348 3966 variis
371 3905 561 3967 Autaribus
586 3907 812 3968 collectorum
835 3908 957 3968 Autore
980 3906 1007 3968 J.
1031 3906 1068 3967 E.
1092 3906 1128 3967 B.
1171 3906 1340 3986 (Josepho
1363 3908 1512 3971 Ernesto
1536 3908 1601 3971 Ba-

196 3992 330 4066 risien).
355 3991 476 4070 Pragae
499 4011 528 4053 a.
556 3992 667 4053 1762.«
694 3991 818 4069 1110111);
846 3993 967 4054 »Index
989 3992 1015 4054 Il
1039 3992 1272 4054 Gnomarum.«

305 4097 495 4154 Miscellanea
524 4102 589 4170 ipsa
621 4115 656 4155 v:
691 4099 755 4156 XV.
787 4101 820 4157 B.
849 4102 874 4156 1.
899 4101 945 4155 Ab
969 4107 1087 4156 auctore
1112 4118 1140 4156 a.
1180 4102 1260 4156 1766
1284 4105 1383 4157 donat.
1409 4103 1602 4158 bibliothecae

196 4185 313 4255 collegii
337 4185 367 4240 S.
391 4185 416 4240 J.
442 4185 549 4256 Pragae
573 4189 610 4240 ad
635 4187 665 4243 S.
689 4187 844 4258 Ignatium.

301 4369 342 4448 31
797 4372 827 4447 I.
855 4372 901 4447 A.
929 4373 990 4447 23.

194 4508 304 4570 chart.
329 4513 464 4589 autogr.
488 4527 521 4571 0.
545 4509 631 4572 1753
641 4510 687 4592 ff
711 4511 1037 4590 40111111135><21
1062 4530 1125 4574 cm.

302 4628 429 4690 »index
451 4628 663 4690 universalis
686 4629 722 4690 in
746 4631 815 4693 duo
839 4631 1088 4710 Supplementa
1120 4631 1426 4697 Miscellaneorum
1449 4652 1468 4698 e
1491 4635 1599 4697 variis

192 4715 385 4862 ἒυῖιέἓξιίε
420 4717 646 4778 collectorum
679 4717 802 4778 Autore
821 4718 848 4780 J.
868 4719 904 4780 E.
925 4719 961 4780 B.
987 4717 1160 4801 (Josepho
1184 4720 1264 4782 Era.
1279 4719 1462 4801 Barisien.)
1478 4723 1599 4800 Pragae

297 4907 507 4979 supplementa
538 4910 603 4980 ipsa
633 4925 666 4965 v:
693 4909 759 4967 XV.
783 4910 816 4967 B.
845 4915 870 4968 1.
902 4913 947 4967 Ab
972 4921 1092 4968 auctore
1117 4931 1143 4969 a.
1173 4914 1253 4970 1766
1277 4917 1377 4971 donat.
1402 4913 1597 4970 bibliothecae

193 4995 309 5066 collegii
333 4994 364 5051 S.
387 4995 412 5051 J.
436 4995 620 5067 Neo-Pragac
645 4999 681 5051 ad
705 4997 736 5052 S.
760 4996 916 5067 Ignatium.
