<?xml version="1.0" encoding="UTF-8"?>
<!DOCTYPE html PUBLIC "-//W3C//DTD XHTML 1.0 Transitional//EN"
    "http://www.w3.org/TR/xhtml1/DTD/xhtml1-transitional.dtd">
<html xmlns="http://www.w3.org/1999/xhtml" xml:lang="en" lang="en">
 <head>
  <title>
</title>
<meta http-equiv="Content-Type" content="text/html;charset=utf-8" />
  <meta name='ocr-system' content='tesseract 3.04.00' />
  <meta name='ocr-capabilities' content='ocr_page ocr_carea ocr_par ocr_line ocrx_word'/>
</head>
<body>
  <div class='ocr_page' id='page_1' title='image "./cataloguscodicu03truhgoog_0085.png"; bbox 0 0 3890 5970; ppageno 0'>
   <div class='ocr_carea' id='block_1_1' title="bbox 818 582 872 644">
    <p class='ocr_par' dir='ltr' id='par_1_1' title="bbox 818 582 872 644">
     <span class='ocr_line' id='line_1_1' title="bbox 818 582 872 644; baseline -0.037 0"><span class='ocrx_word' id='word_1_1' title='bbox 818 582 872 644; x_wconf 89' lang='grc'>161</span> 
     </span>
    </p>
   </div>
   <div class='ocr_carea' id='block_1_2' title="bbox 139 784 1546 1214">
    <p class='ocr_par' dir='ltr' id='par_1_2' title="bbox 139 784 1546 1214">
     <span class='ocr_line' id='line_1_2' title="bbox 245 784 1546 869; baseline 0.002 -20"><span class='ocrx_word' id='word_1_2' title='bbox 245 788 266 849; x_wconf 88' lang='lat' dir='ltr'>i.</span> <span class='ocrx_word' id='word_1_3' title='bbox 291 784 369 850; x_wconf 56' lang='grc' dir='ltr'>268Β</span> <span class='ocrx_word' id='word_1_4' title='bbox 396 787 519 849; x_wconf 83' lang='lat' dir='ltr'>»Metra</span> <span class='ocrx_word' id='word_1_5' title='bbox 542 790 758 869; x_wconf 90' lang='lat' dir='ltr'>capitulorum</span> <span class='ocrx_word' id='word_1_6' title='bbox 782 795 815 851; x_wconf 89' lang='lat' dir='ltr'>et</span> <span class='ocrx_word' id='word_1_7' title='bbox 836 791 989 852; x_wconf 89' lang='lat' dir='ltr'>librorum</span> <span class='ocrx_word' id='word_1_8' title='bbox 1013 791 1108 851; x_wconf 91' lang='lat' dir='ltr'>biblie</span> <span class='ocrx_word' id='word_1_9' title='bbox 1143 797 1224 868; x_wconf 93' lang='lat' dir='ltr'>quot</span> <span class='ocrx_word' id='word_1_10' title='bbox 1264 799 1369 852; x_wconf 51' lang='lat' dir='ltr'>sunto</span> <span class='ocrx_word' id='word_1_11' title='bbox 1419 789 1546 851; x_wconf 86' lang='lat' dir='ltr'>Versus</span> 
     </span>
     <span class='ocr_line' id='line_1_3' title="bbox 140 875 1541 955; baseline 0.002 -21"><span class='ocrx_word' id='word_1_12' title='bbox 140 876 343 936; x_wconf 86' lang='lat' dir='ltr'>memoriales</span> <span class='ocrx_word' id='word_1_13' title='bbox 373 891 473 936; x_wconf 89' lang='lat' dir='ltr'>manu</span> <span class='ocrx_word' id='word_1_14' title='bbox 503 878 607 935; x_wconf 88' lang='lat' dir='ltr'>Crucis</span> <span class='ocrx_word' id='word_1_15' title='bbox 640 881 676 936; x_wconf 84' lang='lat' dir='ltr'>de</span> <span class='ocrx_word' id='word_1_16' title='bbox 699 879 785 936; x_wconf 85' lang='lat' dir='ltr'>Telcz</span> <span class='ocrx_word' id='word_1_17' title='bbox 808 881 929 938; x_wconf 87' lang='lat' dir='ltr'>exarati</span> <span class='ocrx_word' id='word_1_18' title='bbox 953 884 985 938; x_wconf 91' lang='lat' dir='ltr'>et</span> <span class='ocrx_word' id='word_1_19' title='bbox 1007 878 1169 955; x_wconf 85' lang='lat' dir='ltr'>explicati.</span> <span class='ocrx_word' id='word_1_20' title='bbox 1194 875 1316 938; x_wconf 89' lang='lat' dir='ltr'>Ibidem</span> <span class='ocrx_word' id='word_1_21' title='bbox 1351 877 1394 937; x_wconf 85' lang='lat' dir='ltr'>ad</span> <span class='ocrx_word' id='word_1_22' title='bbox 1418 879 1541 940; x_wconf 85' lang='lat' dir='ltr'><strong>calcem</strong></span> 
     </span>
     <span class='ocr_line' id='line_1_4' title="bbox 140 961 1543 1042; baseline 0.001 -20"><span class='ocrx_word' id='word_1_23' title='bbox 140 968 215 1023; x_wconf 89' lang='lat' dir='ltr'>nota</span> <span class='ocrx_word' id='word_1_24' title='bbox 239 979 339 1023; x_wconf 89' lang='lat' dir='ltr'>manu</span> <span class='ocrx_word' id='word_1_25' title='bbox 359 978 446 1023; x_wconf 90' lang='lat' dir='ltr'>saec.</span> <span class='ocrx_word' id='word_1_26' title='bbox 478 961 539 1024; x_wconf 92' lang='lat' dir='ltr'>XV</span> <span class='ocrx_word' id='word_1_27' title='bbox 562 979 614 1033; x_wconf 83' lang='lat' dir='ltr'>ex.</span> <span class='ocrx_word' id='word_1_28' title='bbox 640 968 762 1042; x_wconf 86' lang='lat' dir='ltr'>scripta</span> <span class='ocrx_word' id='word_1_29' title='bbox 784 964 931 1025; x_wconf 90' lang='lat' dir='ltr'><strong>codicem</strong></span> <span class='ocrx_word' id='word_1_30' title='bbox 957 967 1145 1025; x_wconf 89' lang='lat' dir='ltr'>monasterii</span> <span class='ocrx_word' id='word_1_31' title='bbox 1168 963 1415 1026; x_wconf 90' lang='lat' dir='ltr'>Borovanensis</span> <span class='ocrx_word' id='word_1_32' title='bbox 1439 963 1543 1024; x_wconf 90' lang='lat' dir='ltr'>iuisse</span> 
     </span>
     <span class='ocr_line' id='line_1_5' title="bbox 139 1048 1545 1130; baseline 0.001 -22"><span class='ocrx_word' id='word_1_33' title='bbox 139 1049 350 1124; x_wconf 87' lang='lat' dir='ltr'>demonstrat,</span> <span class='ocrx_word' id='word_1_34' title='bbox 374 1048 462 1109; x_wconf 89' lang='lat' dir='ltr'>unde</span> <span class='ocrx_word' id='word_1_35' title='bbox 485 1053 517 1109; x_wconf 95' lang='lat' dir='ltr'>in</span> <span class='ocrx_word' id='word_1_36' title='bbox 541 1049 771 1111; x_wconf 83' lang='lat' dir='ltr'>bibliothecam</span> <span class='ocrx_word' id='word_1_37' title='bbox 795 1049 1070 1128; x_wconf 89' lang='lat' dir='ltr'>Rosenbergicam</span> <span class='ocrx_word' id='word_1_38' title='bbox 1094 1054 1249 1129; x_wconf 90' lang='lat' dir='ltr'>pervenit,</span> <span class='ocrx_word' id='word_1_39' title='bbox 1273 1067 1315 1111; x_wconf 89' lang='lat' dir='ltr'>ex</span> <span class='ocrx_word' id='word_1_40' title='bbox 1339 1067 1405 1129; x_wconf 90' lang='lat' dir='ltr'>qua</span> <span class='ocrx_word' id='word_1_41' title='bbox 1428 1057 1545 1130; x_wconf 90' lang='lat' dir='ltr'>postea</span> 
     </span>
     <span class='ocr_line' id='line_1_6' title="bbox 139 1134 727 1214; baseline 0.003 -19"><span class='ocrx_word' id='word_1_42' title='bbox 139 1140 278 1196; x_wconf 85' lang='lat' dir='ltr'>monast.</span> <span class='ocrx_word' id='word_1_43' title='bbox 295 1134 450 1214; x_wconf 74' lang='lat' dir='ltr'>&#39;praelato</span> <span class='ocrx_word' id='word_1_44' title='bbox 471 1139 642 1196; x_wconf 85' lang='lat' dir='ltr'>restitutus</span> <span class='ocrx_word' id='word_1_45' title='bbox 666 1141 727 1198; x_wconf 89' lang='lat' dir='ltr'>est.</span> 
     </span>
    </p>
   </div>
   <div class='ocr_carea' id='block_1_3' title="bbox 136 1241 1545 1644">
    <p class='ocr_par' dir='ltr' id='par_1_3' title="bbox 136 1241 1545 1644">
     <span class='ocr_line' id='line_1_7' title="bbox 244 1241 1545 1314; baseline 0 -17"><span class='ocrx_word' id='word_1_46' title='bbox 244 1241 423 1298; x_wconf 86' lang='lat' dir='ltr'>intrinsecus</span> <span class='ocrx_word' id='word_1_47' title='bbox 446 1242 575 1313; x_wconf 83' lang='lat' dir='ltr'>operculi</span> <span class='ocrx_word' id='word_1_48' title='bbox 599 1255 695 1314; x_wconf 92' lang='lat' dir='ltr'>super.</span> <span class='ocrx_word' id='word_1_49' title='bbox 720 1249 877 1298; x_wconf 89' lang='lat' dir='ltr'>occurrunt</span> <span class='ocrx_word' id='word_1_50' title='bbox 890 1243 993 1298; x_wconf 87' lang='lat' dir='ltr'>oratio</span> <span class='ocrx_word' id='word_1_51' title='bbox 1016 1241 1178 1299; x_wconf 86' lang='lat' dir='ltr'>dominica</span> <span class='ocrx_word' id='word_1_52' title='bbox 1201 1248 1233 1299; x_wconf 91' lang='lat' dir='ltr'>et</span> <span class='ocrx_word' id='word_1_53' title='bbox 1248 1241 1352 1300; x_wconf 87' lang='lat' dir='ltr'>oratio</span> <span class='ocrx_word' id='word_1_54' title='bbox 1368 1244 1408 1298; x_wconf 90' lang='lat' dir='ltr'>ad</span> <span class='ocrx_word' id='word_1_55' title='bbox 1424 1241 1456 1303; x_wconf 90' lang='lat' dir='ltr'>S.</span> <span class='ocrx_word' id='word_1_56' title='bbox 1473 1241 1545 1314; x_wconf 86' lang='lat' dir='ltr'>Spi-</span> 
     </span>
     <span class='ocr_line' id='line_1_8' title="bbox 136 1326 1542 1404; baseline 0.002 -22"><span class='ocrx_word' id='word_1_57' title='bbox 136 1327 243 1396; x_wconf 85' lang='lat' dir='ltr'>ritum,</span> <span class='ocrx_word' id='word_1_58' title='bbox 266 1327 301 1384; x_wconf 89' lang='lat' dir='ltr'>in</span> <span class='ocrx_word' id='word_1_59' title='bbox 323 1327 476 1400; x_wconf 90' lang='lat' dir='ltr'>operculo</span> <span class='ocrx_word' id='word_1_60' title='bbox 486 1327 578 1388; x_wconf 82' lang='lat' dir='ltr'>inter.</span> <span class='ocrx_word' id='word_1_61' title='bbox 601 1326 774 1404; x_wconf 76' lang='lat' dir='ltr'>decalogus</span> <span class='ocrx_word' id='word_1_62' title='bbox 797 1328 968 1385; x_wconf 86' lang='lat' dir='ltr'>etiterum</span> <span class='ocrx_word' id='word_1_63' title='bbox 991 1329 1096 1386; x_wconf 76' lang='lat' dir='ltr'>oratio</span> <span class='ocrx_word' id='word_1_64' title='bbox 1118 1327 1213 1398; x_wconf 86' lang='lat' dir='ltr'>dom,</span> <span class='ocrx_word' id='word_1_65' title='bbox 1230 1347 1305 1402; x_wconf 89' lang='lat' dir='ltr'>quae</span> <span class='ocrx_word' id='word_1_66' title='bbox 1321 1345 1424 1386; x_wconf 89' lang='lat' dir='ltr'>omnes</span> <span class='ocrx_word' id='word_1_67' title='bbox 1439 1331 1542 1400; x_wconf 88' lang='lat' dir='ltr'>lingua</span> 
     </span>
     <span class='ocr_line' id='line_1_9' title="bbox 137 1413 1543 1488; baseline 0.001 -19"><span class='ocrx_word' id='word_1_68' title='bbox 137 1415 252 1469; x_wconf 85' lang='lat' dir='ltr'>hohern.</span> <span class='ocrx_word' id='word_1_69' title='bbox 276 1421 413 1471; x_wconf 79' lang='lat' dir='ltr'>exaratae</span> <span class='ocrx_word' id='word_1_70' title='bbox 444 1421 523 1472; x_wconf 88' lang='lat' dir='ltr'>sunl.</span> <span class='ocrx_word' id='word_1_71' title='bbox 546 1413 641 1472; x_wconf 88' lang='lat' dir='ltr'>Etiam</span> <span class='ocrx_word' id='word_1_72' title='bbox 664 1417 785 1488; x_wconf 87' lang='lat' dir='ltr'>respice,</span> <span class='ocrx_word' id='word_1_73' title='bbox 809 1417 937 1485; x_wconf 90' lang='lat' dir='ltr'>silibet,</span> <span class='ocrx_word' id='word_1_74' title='bbox 961 1423 1061 1472; x_wconf 87' lang='lat' dir='ltr'>notam</span> <span class='ocrx_word' id='word_1_75' title='bbox 1084 1418 1216 1474; x_wconf 89' lang='lat' dir='ltr'>iocosam</span> <span class='ocrx_word' id='word_1_76' title='bbox 1239 1420 1270 1474; x_wconf 94' lang='lat' dir='ltr'>in</span> <span class='ocrx_word' id='word_1_77' title='bbox 1293 1418 1431 1488; x_wconf 83' lang='lat' dir='ltr'>o&#39;perculo</span> <span class='ocrx_word' id='word_1_78' title='bbox 1455 1431 1543 1488; x_wconf 89' lang='lat' dir='ltr'>sup.:</span> 
     </span>
     <span class='ocr_line' id='line_1_10' title="bbox 139 1500 1542 1575; baseline 0.001 -19"><span class='ocrx_word' id='word_1_79' title='bbox 139 1500 273 1556; x_wconf 83' lang='lat' dir='ltr'>»Novum</span> <span class='ocrx_word' id='word_1_80' title='bbox 296 1507 501 1559; x_wconf 87' lang='lat' dir='ltr'>testamentum</span> <span class='ocrx_word' id='word_1_81' title='bbox 532 1517 584 1574; x_wconf 92' lang='lat' dir='ltr'>pro</span> <span class='ocrx_word' id='word_1_82' title='bbox 606 1501 661 1558; x_wconf 90' lang='lat' dir='ltr'>XlI</span> <span class='ocrx_word' id='word_1_83' title='bbox 683 1518 726 1573; x_wconf 86' lang='lat' dir='ltr'>gr.</span> <span class='ocrx_word' id='word_1_84' title='bbox 750 1503 865 1574; x_wconf 84' lang='lat' dir='ltr'>venale,</span> <span class='ocrx_word' id='word_1_85' title='bbox 896 1504 943 1558; x_wconf 88' lang='lat' dir='ltr'>cui</span> <span class='ocrx_word' id='word_1_86' title='bbox 967 1510 1064 1559; x_wconf 87' lang='lat' dir='ltr'>autem</span> <span class='ocrx_word' id='word_1_87' title='bbox 1095 1504 1191 1575; x_wconf 89' lang='lat' dir='ltr'>placet</span> <span class='ocrx_word' id='word_1_88' title='bbox 1213 1520 1266 1575; x_wconf 91' lang='lat' dir='ltr'>pro</span> <span class='ocrx_word' id='word_1_89' title='bbox 1289 1505 1382 1560; x_wconf 92' lang='lat' dir='ltr'>tribus</span> <span class='ocrx_word' id='word_1_90' title='bbox 1405 1502 1542 1560; x_wconf 87' lang='lat' dir='ltr'>seidlinis</span> 
     </span>
     <span class='ocr_line' id='line_1_11' title="bbox 136 1588 331 1644; baseline 0 -2"><span class='ocrx_word' id='word_1_91' title='bbox 136 1589 204 1643; x_wconf 92' lang='lat' dir='ltr'>meri</span> <span class='ocrx_word' id='word_1_92' title='bbox 231 1588 331 1644; x_wconf 78' lang='lat' dir='ltr'>boni«</span> 
     </span>
    </p>
   </div>
   <div class='ocr_carea' id='block_1_4' title="bbox 244 1713 923 1836">
    <p class='ocr_par' dir='ltr' id='par_1_4' title="bbox 244 1713 923 1836">
     <span class='ocr_line' id='line_1_12' title="bbox 244 1713 923 1836; baseline -0.004 -1"><span class='ocrx_word' id='word_1_93' title='bbox 244 1754 311 1836; x_wconf 80' lang='lat' dir='ltr'>isa</span> <span class='ocrx_word' id='word_1_94' title='bbox 607 1713 609 1718; x_wconf 68' lang='grc'><strong>’</strong></span> <span class='ocrx_word' id='word_1_95' title='bbox 728 1731 923 1832; x_wconf 75' lang='lat' dir='ltr'>aare.</span> 
     </span>
    </p>
   </div>
   <div class='ocr_carea' id='block_1_5' title="bbox 134 1893 1307 1978">
    <p class='ocr_par' dir='ltr' id='par_1_5' title="bbox 134 1893 1307 1978">
     <span class='ocr_line' id='line_1_13' title="bbox 134 1893 1307 1978; baseline -0.001 -21"><span class='ocrx_word' id='word_1_96' title='bbox 134 1895 243 1974; x_wconf 74' lang='lat' dir='ltr'>chari.</span> <span class='ocrx_word' id='word_1_97' title='bbox 265 1911 353 1958; x_wconf 87' lang='lat' dir='ltr'>saec.</span> <span class='ocrx_word' id='word_1_98' title='bbox 377 1893 446 1958; x_wconf 88' lang='lat' dir='ltr'>XV</span> <span class='ocrx_word' id='word_1_99' title='bbox 466 1896 608 1978; x_wconf 80' lang='lat' dir='ltr'>(partim</span> <span class='ocrx_word' id='word_1_100' title='bbox 631 1913 664 1959; x_wconf 85' lang='lat' dir='ltr'>a.</span> <span class='ocrx_word' id='word_1_101' title='bbox 686 1896 787 1970; x_wconf 84' lang='grc'><strong><em>1411)</em></strong></span> <span class='ocrx_word' id='word_1_102' title='bbox 802 1896 846 1978; x_wconf 88' lang='lat' dir='ltr'>ff.</span> <span class='ocrx_word' id='word_1_103' title='bbox 869 1896 943 1969; x_wconf 82' lang='lat'><em>129,</em></span> <span class='ocrx_word' id='word_1_104' title='bbox 966 1896 1107 1959; x_wconf 79' lang='lat'><em>30&gt;&lt;21</em></span> <span class='ocrx_word' id='word_1_105' title='bbox 1132 1913 1195 1958; x_wconf 85' lang='lat' dir='ltr'>cm.</span> <span class='ocrx_word' id='word_1_106' title='bbox 1220 1898 1239 1958; x_wconf 92' lang='grc'>1</span> <span class='ocrx_word' id='word_1_107' title='bbox 1263 1915 1307 1958; x_wconf 87' lang='lat' dir='ltr'>m.</span> 
     </span>
    </p>
   </div>
   <div class='ocr_carea' id='block_1_6' title="bbox 134 2016 1538 2184">
    <p class='ocr_par' dir='ltr' id='par_1_6' title="bbox 134 2016 1538 2184">
     <span class='ocr_line' id='line_1_14' title="bbox 244 2016 1538 2098; baseline 0 -20"><span class='ocrx_word' id='word_1_108' title='bbox 244 2017 264 2078; x_wconf 92' lang='grc'>1.</span> <span class='ocrx_word' id='word_1_109' title='bbox 293 2017 423 2078; x_wconf 87' lang='grc'><strong><em>1·-56·</em></strong></span> <span class='ocrx_word' id='word_1_110' title='bbox 451 2016 639 2080; x_wconf 89' lang='lat' dir='ltr'>Sermones</span> <span class='ocrx_word' id='word_1_111' title='bbox 673 2017 715 2080; x_wconf 90' lang='lat' dir='ltr'>de</span> <span class='ocrx_word' id='word_1_112' title='bbox 746 2017 891 2080; x_wconf 90' lang='lat' dir='ltr'>sanctis.</span> <span class='ocrx_word' id='word_1_113' title='bbox 935 2017 1042 2078; x_wconf 81' lang='lat' dir='ltr'>»Beati</span> <span class='ocrx_word' id='word_1_114' title='bbox 1086 2025 1164 2080; x_wconf 89' lang='lat' dir='ltr'>sunt</span> <span class='ocrx_word' id='word_1_115' title='bbox 1197 2023 1282 2080; x_wconf 92' lang='lat' dir='ltr'>servi</span> <span class='ocrx_word' id='word_1_116' title='bbox 1301 2067 1308 2081; x_wconf 90' lang='lat'>.</span> <span class='ocrx_word' id='word_1_117' title='bbox 1329 2066 1335 2080; x_wconf 91' lang='lat'>.</span> <span class='ocrx_word' id='word_1_118' title='bbox 1357 2065 1363 2078; x_wconf 89' lang='lat'>.</span> <span class='ocrx_word' id='word_1_119' title='bbox 1389 2017 1538 2098; x_wconf 83' lang='lat' dir='ltr'>Quatuor</span> 
     </span>
     <span class='ocr_line' id='line_1_15' title="bbox 134 2103 1536 2184; baseline 0.001 -20"><span class='ocrx_word' id='word_1_120' title='bbox 134 2111 220 2176; x_wconf 87' lang='lat' dir='ltr'>sunt,</span> <span class='ocrx_word' id='word_1_121' title='bbox 246 2120 310 2184; x_wconf 91' lang='lat' dir='ltr'>que</span> <span class='ocrx_word' id='word_1_122' title='bbox 340 2103 463 2165; x_wconf 91' lang='lat' dir='ltr'>iaciunt</span> <span class='ocrx_word' id='word_1_123' title='bbox 491 2106 658 2166; x_wconf 93' lang='lat' dir='ltr'>hominem</span> <span class='ocrx_word' id='word_1_124' title='bbox 689 2105 847 2166; x_wconf 79' lang='lat' dir='ltr'>dormire«</span> <span class='ocrx_word' id='word_1_125' title='bbox 882 2107 915 2163; x_wconf 92' lang='lat'>&gt;&lt;</span> <span class='ocrx_word' id='word_1_126' title='bbox 941 2103 1064 2166; x_wconf 82' lang='lat' dir='ltr'>»Finito</span> <span class='ocrx_word' id='word_1_127' title='bbox 1098 2106 1178 2167; x_wconf 91' lang='lat' dir='ltr'>libro</span> <span class='ocrx_word' id='word_1_128' title='bbox 1212 2110 1254 2166; x_wconf 89' lang='lat' dir='ltr'>sit</span> <span class='ocrx_word' id='word_1_129' title='bbox 1284 2107 1356 2166; x_wconf 86' lang='lat' dir='ltr'>laus</span> <span class='ocrx_word' id='word_1_130' title='bbox 1380 2115 1413 2166; x_wconf 92' lang='lat' dir='ltr'>et</span> <span class='ocrx_word' id='word_1_131' title='bbox 1433 2106 1536 2184; x_wconf 86' lang='lat' dir='ltr'>gloria</span> 
     </span>
    </p>
   </div>
   <div class='ocr_carea' id='block_1_7' title="bbox 133 2189 1538 2356">
    <p class='ocr_par' dir='ltr' id='par_1_7' title="bbox 133 2189 1538 2356">
     <span class='ocr_line' id='line_1_16' title="bbox 134 2189 1538 2270; baseline 0.001 -18"><span class='ocrx_word' id='word_1_132' title='bbox 134 2189 276 2252; x_wconf 90' lang='lat' dir='ltr'>Christo.</span> <span class='ocrx_word' id='word_1_133' title='bbox 300 2189 359 2251; x_wconf 89' lang='lat' dir='ltr'>Per</span> <span class='ocrx_word' id='word_1_134' title='bbox 389 2207 507 2252; x_wconf 87' lang='lat' dir='ltr'>manus</span> <span class='ocrx_word' id='word_1_135' title='bbox 538 2191 662 2252; x_wconf 91' lang='lat' dir='ltr'>domini</span> <span class='ocrx_word' id='word_1_136' title='bbox 693 2190 788 2253; x_wconf 90' lang='lat' dir='ltr'>Petri</span> <span class='ocrx_word' id='word_1_137' title='bbox 810 2189 980 2270; x_wconf 90' lang='lat' dir='ltr'>capellani</span> <span class='ocrx_word' id='word_1_138' title='bbox 1002 2190 1046 2253; x_wconf 88' lang='lat' dir='ltr'>de</span> <span class='ocrx_word' id='word_1_139' title='bbox 1067 2189 1142 2270; x_wconf 85' lang='lat' dir='ltr'>Tyn</span> <span class='ocrx_word' id='word_1_140' title='bbox 1165 2195 1198 2252; x_wconf 90' lang='lat' dir='ltr'>in</span> <span class='ocrx_word' id='word_1_141' title='bbox 1222 2193 1328 2270; x_wconf 86' lang='lat' dir='ltr'>vigilia</span> <span class='ocrx_word' id='word_1_142' title='bbox 1352 2209 1378 2253; x_wconf 80' lang='lat' dir='ltr'>s,</span> <span class='ocrx_word' id='word_1_143' title='bbox 1403 2191 1538 2253; x_wconf 89' lang='lat' dir='ltr'>Bartho-</span> 
     </span>
     <span class='ocr_line' id='line_1_17' title="bbox 133 2277 729 2356; baseline -0.01 -18"><span class='ocrx_word' id='word_1_144' title='bbox 133 2279 229 2338; x_wconf 94' lang='lat' dir='ltr'>lomei</span> <span class='ocrx_word' id='word_1_145' title='bbox 254 2278 393 2356; x_wconf 90' lang='lat' dir='ltr'>apostoli</span> <span class='ocrx_word' id='word_1_146' title='bbox 417 2278 532 2339; x_wconf 90' lang='lat' dir='ltr'>suba.</span> <span class='ocrx_word' id='word_1_147' title='bbox 557 2277 588 2339; x_wconf 93' lang='lat' dir='ltr'>d.</span> <span class='ocrx_word' id='word_1_148' title='bbox 616 2277 729 2339; x_wconf 60' lang='lat'>1411..</span> 
     </span>
    </p>
   </div>
   <div class='ocr_carea' id='block_1_8' title="bbox 243 2375 1162 2460">
    <p class='ocr_par' dir='ltr' id='par_1_8' title="bbox 243 2375 1162 2460">
     <span class='ocr_line' id='line_1_18' title="bbox 243 2375 1162 2460; baseline 0.001 -18"><span class='ocrx_word' id='word_1_149' title='bbox 243 2381 264 2442; x_wconf 90' lang='grc'>1.</span> <span class='ocrx_word' id='word_1_150' title='bbox 288 2375 444 2443; x_wconf 69' lang='lat' dir='ltr'>56¹-58l</span> <span class='ocrx_word' id='word_1_151' title='bbox 468 2379 646 2444; x_wconf 90' lang='lat' dir='ltr'>Sermones</span> <span class='ocrx_word' id='word_1_152' title='bbox 669 2381 688 2442; x_wconf 89' lang='lat'><strong>2</strong></span> <span class='ocrx_word' id='word_1_153' title='bbox 713 2382 753 2442; x_wconf 89' lang='lat' dir='ltr'>de</span> <span class='ocrx_word' id='word_1_154' title='bbox 778 2399 805 2443; x_wconf 92' lang='lat' dir='ltr'>s.</span> <span class='ocrx_word' id='word_1_155' title='bbox 829 2381 932 2444; x_wconf 83' lang='lat' dir='ltr'>Maria</span> <span class='ocrx_word' id='word_1_156' title='bbox 955 2380 1162 2460; x_wconf 88' lang='lat' dir='ltr'>Magdalena.</span> 
     </span>
    </p>
   </div>
   <div class='ocr_carea' id='block_1_9' title="bbox 133 2483 1537 2807">
    <p class='ocr_par' dir='ltr' id='par_1_9' title="bbox 133 2483 1537 2807">
     <span class='ocr_line' id='line_1_19' title="bbox 243 2483 1536 2563; baseline -0.001 -17"><span class='ocrx_word' id='word_1_157' title='bbox 243 2484 264 2546; x_wconf 92' lang='lat' dir='ltr'>i.</span> <span class='ocrx_word' id='word_1_158' title='bbox 288 2485 466 2547; x_wconf 66' lang='lat' dir='ltr'>sle-127·</span> <span class='ocrx_word' id='word_1_159' title='bbox 488 2485 676 2547; x_wconf 81' lang='lat' dir='ltr'>Sermones</span> <span class='ocrx_word' id='word_1_160' title='bbox 698 2486 742 2548; x_wconf 89' lang='lat' dir='ltr'>de</span> <span class='ocrx_word' id='word_1_161' title='bbox 765 2485 897 2548; x_wconf 84' lang='lat' dir='ltr'>sanetis</span> <span class='ocrx_word' id='word_1_162' title='bbox 932 2489 968 2546; x_wconf 88' lang='lat' dir='ltr'>et</span> <span class='ocrx_word' id='word_1_163' title='bbox 989 2486 1031 2547; x_wconf 89' lang='lat' dir='ltr'>de</span> <span class='ocrx_word' id='word_1_164' title='bbox 1054 2484 1156 2548; x_wconf 85' lang='lat' dir='ltr'>iestis</span> <span class='ocrx_word' id='word_1_165' title='bbox 1179 2483 1377 2547; x_wconf 87' lang='lat' dir='ltr'>mobilibus.</span> <span class='ocrx_word' id='word_1_166' title='bbox 1404 2483 1536 2563; x_wconf 84' lang='lat' dir='ltr'>»incipit</span> 
     </span>
     <span class='ocr_line' id='line_1_20' title="bbox 133 2571 1536 2651; baseline -0.001 -18"><span class='ocrx_word' id='word_1_167' title='bbox 133 2573 212 2633; x_wconf 92' lang='lat' dir='ltr'>liber</span> <span class='ocrx_word' id='word_1_168' title='bbox 236 2573 277 2632; x_wconf 91' lang='lat' dir='ltr'>de</span> <span class='ocrx_word' id='word_1_169' title='bbox 301 2577 423 2634; x_wconf 90' lang='lat' dir='ltr'>sanctis</span> <span class='ocrx_word' id='word_1_170' title='bbox 446 2578 479 2633; x_wconf 91' lang='lat' dir='ltr'>et</span> <span class='ocrx_word' id='word_1_171' title='bbox 500 2572 541 2633; x_wconf 88' lang='lat' dir='ltr'>de</span> <span class='ocrx_word' id='word_1_172' title='bbox 572 2571 664 2632; x_wconf 89' lang='lat' dir='ltr'>lestis</span> <span class='ocrx_word' id='word_1_173' title='bbox 695 2573 870 2634; x_wconf 90' lang='lat' dir='ltr'>mobilibus</span> <span class='ocrx_word' id='word_1_174' title='bbox 899 2577 932 2633; x_wconf 91' lang='lat' dir='ltr'>et</span> <span class='ocrx_word' id='word_1_175' title='bbox 955 2577 1058 2651; x_wconf 90' lang='lat' dir='ltr'>primo</span> <span class='ocrx_word' id='word_1_176' title='bbox 1082 2573 1253 2651; x_wconf 88' lang='lat' dir='ltr'>prothema</span> <span class='ocrx_word' id='word_1_177' title='bbox 1276 2573 1316 2632; x_wconf 91' lang='lat' dir='ltr'>de</span> <span class='ocrx_word' id='word_1_178' title='bbox 1341 2589 1368 2632; x_wconf 92' lang='lat' dir='ltr'>s.</span> <span class='ocrx_word' id='word_1_179' title='bbox 1392 2572 1536 2632; x_wconf 86' lang='lat' dir='ltr'>Andrea.</span> 
     </span>
     <span class='ocr_line' id='line_1_21' title="bbox 134 2656 1537 2738; baseline -0.002 -18"><span class='ocrx_word' id='word_1_180' title='bbox 134 2657 327 2720; x_wconf 90' lang='lat' dir='ltr'>Secundum</span> <span class='ocrx_word' id='word_1_181' title='bbox 360 2663 430 2720; x_wconf 91' lang='lat' dir='ltr'>iura</span> <span class='ocrx_word' id='word_1_182' title='bbox 463 2664 496 2720; x_wconf 87' lang='lat' dir='ltr'>et</span> <span class='ocrx_word' id='word_1_183' title='bbox 524 2660 632 2738; x_wconf 86' lang='lat' dir='ltr'>leges«</span> <span class='ocrx_word' id='word_1_184' title='bbox 659 2661 691 2716; x_wconf 89' lang='lat'>&gt;&lt;</span> <span class='ocrx_word' id='word_1_185' title='bbox 714 2659 814 2738; x_wconf 85' lang='lat' dir='ltr'>(expl.</span> <span class='ocrx_word' id='word_1_186' title='bbox 847 2660 888 2720; x_wconf 93' lang='lat' dir='ltr'>de</span> <span class='ocrx_word' id='word_1_187' title='bbox 919 2656 953 2720; x_wconf 89' lang='lat' dir='ltr'>S.</span> <span class='ocrx_word' id='word_1_188' title='bbox 983 2657 1154 2737; x_wconf 90' lang='lat' dir='ltr'>Martin0:)</span> <span class='ocrx_word' id='word_1_189' title='bbox 1199 2675 1404 2738; x_wconf 85' lang='lat' dir='ltr'>»corpusque</span> <span class='ocrx_word' id='word_1_190' title='bbox 1440 2662 1537 2736; x_wconf 91' lang='lat' dir='ltr'>quasi</span> 
     </span>
     <span class='ocr_line' id='line_1_22' title="bbox 134 2743 519 2807; baseline 0 -1"><span class='ocrx_word' id='word_1_191' title='bbox 134 2745 347 2807; x_wconf 86' lang='lat' dir='ltr'>clarificatum</span> <span class='ocrx_word' id='word_1_192' title='bbox 371 2743 519 2807; x_wconf 83' lang='lat' dir='ltr'>effulsit«</span> 
     </span>
    </p>
   </div>
   <div class='ocr_carea' id='block_1_10' title="bbox 135 2843 1541 3102">
    <p class='ocr_par' dir='ltr' id='par_1_10' title="bbox 135 2843 1541 3102">
     <span class='ocr_line' id='line_1_23' title="bbox 245 2843 1541 2928; baseline -0.001 -19"><span class='ocrx_word' id='word_1_193' title='bbox 245 2849 267 2909; x_wconf 92' lang='grc'>1.</span> <span class='ocrx_word' id='word_1_194' title='bbox 295 2843 586 2924; x_wconf 62' lang='lat' dir='ltr'>127⁸-12umia</span> <span class='ocrx_word' id='word_1_195' title='bbox 609 2849 712 2928; x_wconf 87' lang='lat' dir='ltr'>manu)</span> <span class='ocrx_word' id='word_1_196' title='bbox 736 2847 957 2928; x_wconf 82' lang='lat' dir='ltr'>Quaestiones</span> <span class='ocrx_word' id='word_1_197' title='bbox 980 2850 1097 2910; x_wconf 90' lang='lat' dir='ltr'>breves</span> <span class='ocrx_word' id='word_1_198' title='bbox 1121 2849 1161 2909; x_wconf 90' lang='lat' dir='ltr'>de</span> <span class='ocrx_word' id='word_1_199' title='bbox 1185 2847 1373 2909; x_wconf 86' lang='lat' dir='ltr'>obedientia</span> <span class='ocrx_word' id='word_1_200' title='bbox 1388 2849 1541 2909; x_wconf 90' lang='lat' dir='ltr'>ecclesia-</span> 
     </span>
     <span class='ocr_line' id='line_1_24' title="bbox 135 2935 1538 3016; baseline 0 -20"><span class='ocrx_word' id='word_1_201' title='bbox 135 2941 218 2998; x_wconf 86' lang='lat' dir='ltr'>stica</span> <span class='ocrx_word' id='word_1_202' title='bbox 242 2936 338 2997; x_wconf 88' lang='lat' dir='ltr'>etde</span> <span class='ocrx_word' id='word_1_203' title='bbox 361 2940 592 2997; x_wconf 92' lang='lat' dir='ltr'>communione</span> <span class='ocrx_word' id='word_1_204' title='bbox 616 2936 679 2997; x_wconf 91' lang='lat' dir='ltr'>sub</span> <span class='ocrx_word' id='word_1_205' title='bbox 702 2941 838 3014; x_wconf 88' lang='lat' dir='ltr'>utraque</span> <span class='ocrx_word' id='word_1_206' title='bbox 862 2939 982 3016; x_wconf 89' lang='lat' dir='ltr'>specie,</span> <span class='ocrx_word' id='word_1_207' title='bbox 1006 2939 1105 3015; x_wconf 87' lang='lat' dir='ltr'>(quae</span> <span class='ocrx_word' id='word_1_208' title='bbox 1129 2939 1225 2996; x_wconf 89' lang='lat' dir='ltr'>etiam</span> <span class='ocrx_word' id='word_1_209' title='bbox 1249 2938 1281 2996; x_wconf 90' lang='lat' dir='ltr'>in</span> <span class='ocrx_word' id='word_1_210' title='bbox 1305 2935 1458 3014; x_wconf 90' lang='lat' dir='ltr'>operculo</span> <span class='ocrx_word' id='word_1_211' title='bbox 1477 2951 1538 2996; x_wconf 88' lang='lat' dir='ltr'>su·</span> 
     </span>
     <span class='ocr_line' id='line_1_25' title="bbox 135 3024 539 3102; baseline -0.002 -19"><span class='ocrx_word' id='word_1_212' title='bbox 135 3027 262 3100; x_wconf 89' lang='lat' dir='ltr'>periore</span> <span class='ocrx_word' id='word_1_213' title='bbox 286 3024 539 3102; x_wconf 87' lang='lat' dir='ltr'>continuantur).</span> 
     </span>
    </p>
   </div>
   <div class='ocr_carea' id='block_1_11' title="bbox 135 3123 1542 3892">
    <p class='ocr_par' dir='ltr' id='par_1_11' title="bbox 135 3123 1542 3892">
     <span class='ocr_line' id='line_1_26' title="bbox 222 3123 1536 3204; baseline -0.001 -21"><span class='ocrx_word' id='word_1_214' title='bbox 222 3128 343 3199; x_wconf 85' lang='lat' dir='ltr'>Utrique</span> <span class='ocrx_word' id='word_1_215' title='bbox 373 3128 511 3199; x_wconf 87' lang='lat' dir='ltr'>operculo</span> <span class='ocrx_word' id='word_1_216' title='bbox 545 3123 675 3199; x_wconf 80' lang='lat' dir='ltr'>adligata</span> <span class='ocrx_word' id='word_1_217' title='bbox 703 3134 774 3184; x_wconf 86' lang='lat' dir='ltr'>sunt</span> <span class='ocrx_word' id='word_1_218' title='bbox 802 3128 963 3204; x_wconf 84' lang='lat' dir='ltr'>fragmenta</span> <span class='ocrx_word' id='word_1_219' title='bbox 992 3129 1112 3186; x_wconf 87' lang='lat' dir='ltr'>membr.</span> <span class='ocrx_word' id='word_1_220' title='bbox 1143 3129 1327 3184; x_wconf 86' lang='lat' dir='ltr'>instrumenti</span> <span class='ocrx_word' id='word_1_221' title='bbox 1351 3126 1461 3199; x_wconf 90' lang='lat' dir='ltr'>publici</span> <span class='ocrx_word' id='word_1_222' title='bbox 1485 3125 1536 3182; x_wconf 93' lang='lat' dir='ltr'>Jo-</span> 
     </span>
     <span class='ocr_line' id='line_1_27' title="bbox 135 3213 1538 3288; baseline 0 -19"><span class='ocrx_word' id='word_1_223' title='bbox 135 3215 245 3271; x_wconf 86' lang='lat' dir='ltr'>hannis</span> <span class='ocrx_word' id='word_1_224' title='bbox 275 3213 388 3270; x_wconf 90' lang='lat' dir='ltr'>Pomuk</span> <span class='ocrx_word' id='word_1_225' title='bbox 421 3215 532 3271; x_wconf 84' lang='lat' dir='ltr'>archid.</span> <span class='ocrx_word' id='word_1_226' title='bbox 564 3213 732 3285; x_wconf 85' lang='lat' dir='ltr'>Zaczensis,</span> <span class='ocrx_word' id='word_1_227' title='bbox 762 3218 860 3270; x_wconf 87' lang='lat' dir='ltr'>curiae</span> <span class='ocrx_word' id='word_1_228' title='bbox 891 3215 1019 3288; x_wconf 85' lang='lat' dir='ltr'>archiep.</span> <span class='ocrx_word' id='word_1_229' title='bbox 1049 3213 1132 3287; x_wconf 84' lang='lat' dir='ltr'>Prag.</span> <span class='ocrx_word' id='word_1_230' title='bbox 1164 3214 1307 3282; x_wconf 81' lang='lat' dir='ltr'>officialis,</span> <span class='ocrx_word' id='word_1_231' title='bbox 1332 3213 1538 3270; x_wconf 87' lang='lat' dir='ltr'>concernentis</span> 
     </span>
     <span class='ocr_line' id='line_1_28' title="bbox 136 3299 1540 3373; baseline -0.003 -15"><span class='ocrx_word' id='word_1_232' title='bbox 136 3317 260 3358; x_wconf 86' lang='lat' dir='ltr'>causam</span> <span class='ocrx_word' id='word_1_233' title='bbox 290 3317 367 3371; x_wconf 84' lang='lat' dir='ltr'>mag.</span> <span class='ocrx_word' id='word_1_234' title='bbox 396 3300 537 3373; x_wconf 85' lang='lat' dir='ltr'>Stephani</span> <span class='ocrx_word' id='word_1_235' title='bbox 560 3299 694 3357; x_wconf 87' lang='lat' dir='ltr'>Tendrici</span> <span class='ocrx_word' id='word_1_236' title='bbox 724 3303 759 3356; x_wconf 90' lang='lat' dir='ltr'>de</span> <span class='ocrx_word' id='word_1_237' title='bbox 791 3301 933 3358; x_wconf 82' lang='lat' dir='ltr'>Stanlrow</span> <span class='ocrx_word' id='word_1_238' title='bbox 954 3303 1238 3373; x_wconf 87' lang='lat' dir='ltr'>transsumentisque</span> <span class='ocrx_word' id='word_1_239' title='bbox 1261 3301 1372 3357; x_wconf 89' lang='lat' dir='ltr'>bullam</span> <span class='ocrx_word' id='word_1_240' title='bbox 1394 3300 1540 3357; x_wconf 87' lang='lat' dir='ltr'>Bonifacii</span> 
     </span>
     <span class='ocr_line' id='line_1_29' title="bbox 135 3385 1540 3460; baseline -0.001 -17"><span class='ocrx_word' id='word_1_241' title='bbox 135 3387 174 3443; x_wconf 92' lang='lat' dir='ltr'>IX</span> <span class='ocrx_word' id='word_1_242' title='bbox 197 3389 261 3444; x_wconf 85' lang='lat' dir='ltr'>dat.</span> <span class='ocrx_word' id='word_1_243' title='bbox 284 3385 310 3443; x_wconf 92' lang='lat'>11</span> <span class='ocrx_word' id='word_1_244' title='bbox 332 3387 372 3444; x_wconf 89' lang='lat' dir='ltr'>id.</span> <span class='ocrx_word' id='word_1_245' title='bbox 397 3387 472 3444; x_wconf 88' lang='lat' dir='ltr'>Nov.</span> <span class='ocrx_word' id='word_1_246' title='bbox 508 3403 586 3444; x_wconf 90' lang='lat' dir='ltr'>anno</span> <span class='ocrx_word' id='word_1_247' title='bbox 609 3394 691 3459; x_wconf 82' lang='lat' dir='ltr'>pont.</span> <span class='ocrx_word' id='word_1_248' title='bbox 714 3389 845 3444; x_wconf 90' lang='lat' dir='ltr'>eiusdem</span> <span class='ocrx_word' id='word_1_249' title='bbox 868 3392 962 3460; x_wconf 91' lang='lat' dir='ltr'>primo</span> <span class='ocrx_word' id='word_1_250' title='bbox 984 3387 1082 3459; x_wconf 79' lang='lat'>(1389</span> <span class='ocrx_word' id='word_1_251' title='bbox 1105 3388 1151 3444; x_wconf 90' lang='lat' dir='ltr'>vel</span> <span class='ocrx_word' id='word_1_252' title='bbox 1180 3389 1284 3459; x_wconf 84' lang='lat'>1390).</span> <span class='ocrx_word' id='word_1_253' title='bbox 1321 3387 1355 3442; x_wconf 92' lang='lat' dir='ltr'>In</span> <span class='ocrx_word' id='word_1_254' title='bbox 1377 3386 1540 3458; x_wconf 85' lang='lat' dir='ltr'>fragmento</span> 
     </span>
     <span class='ocr_line' id='line_1_30' title="bbox 135 3470 1540 3547; baseline -0.002 -17"><span class='ocrx_word' id='word_1_255' title='bbox 135 3475 185 3531; x_wconf 87' lang='lat' dir='ltr'>ini.</span> <span class='ocrx_word' id='word_1_256' title='bbox 211 3489 319 3530; x_wconf 88' lang='lat' dir='ltr'>manus</span> <span class='ocrx_word' id='word_1_257' title='bbox 342 3490 420 3530; x_wconf 87' lang='lat' dir='ltr'>saec.</span> <span class='ocrx_word' id='word_1_258' title='bbox 443 3471 499 3530; x_wconf 85' lang='lat' dir='ltr'>XV</span> <span class='ocrx_word' id='word_1_259' title='bbox 521 3474 635 3530; x_wconf 88' lang='lat' dir='ltr'>initium</span> <span class='ocrx_word' id='word_1_260' title='bbox 659 3476 805 3531; x_wconf 87' lang='lat' dir='ltr'>cantionis</span> <span class='ocrx_word' id='word_1_261' title='bbox 829 3475 944 3531; x_wconf 91' lang='lat' dir='ltr'>bohem.</span> <span class='ocrx_word' id='word_1_262' title='bbox 968 3491 993 3532; x_wconf 89' lang='lat' dir='ltr'>s.</span> <span class='ocrx_word' id='word_1_263' title='bbox 1017 3474 1173 3531; x_wconf 88' lang='lat' dir='ltr'>Venceslai</span> <span class='ocrx_word' id='word_1_264' title='bbox 1196 3477 1381 3547; x_wconf 89' lang='lat' dir='ltr'>perscripsit:</span> <span class='ocrx_word' id='word_1_265' title='bbox 1410 3470 1540 3544; x_wconf 79' lang='lat' dir='ltr'>»Swaty</span> 
     </span>
     <span class='ocr_line' id='line_1_31' title="bbox 137 3559 1539 3632; baseline -0.002 -14"><span class='ocrx_word' id='word_1_266' title='bbox 137 3576 215 3618; x_wconf 81' lang='lat' dir='ltr'>nass</span> <span class='ocrx_word' id='word_1_267' title='bbox 247 3561 449 3617; x_wconf 81' lang='lat' dir='ltr'>wacelawe«.</span> <span class='ocrx_word' id='word_1_268' title='bbox 472 3559 506 3616; x_wconf 89' lang='lat' dir='ltr'>In</span> <span class='ocrx_word' id='word_1_269' title='bbox 529 3561 666 3632; x_wconf 91' lang='lat' dir='ltr'>operculo</span> <span class='ocrx_word' id='word_1_270' title='bbox 689 3561 769 3618; x_wconf 82' lang='lat' dir='ltr'>inser.</span> <span class='ocrx_word' id='word_1_271' title='bbox 793 3562 918 3618; x_wconf 86' lang='lat' dir='ltr'>occurrit</span> <span class='ocrx_word' id='word_1_272' title='bbox 941 3569 1010 3617; x_wconf 90' lang='lat' dir='ltr'>nota</span> <span class='ocrx_word' id='word_1_273' title='bbox 1026 3577 1103 3618; x_wconf 88' lang='lat' dir='ltr'>saec.</span> <span class='ocrx_word' id='word_1_274' title='bbox 1121 3560 1193 3618; x_wconf 84' lang='lat' dir='ltr'>XV:</span> <span class='ocrx_word' id='word_1_275' title='bbox 1220 3561 1296 3618; x_wconf 79' lang='lat' dir='ltr'>»isle</span> <span class='ocrx_word' id='word_1_276' title='bbox 1311 3567 1356 3616; x_wconf 90' lang='lat' dir='ltr'>est</span> <span class='ocrx_word' id='word_1_277' title='bbox 1370 3561 1444 3616; x_wconf 92' lang='lat' dir='ltr'>liber</span> <span class='ocrx_word' id='word_1_278' title='bbox 1460 3561 1539 3615; x_wconf 88' lang='lat' dir='ltr'>dom.</span> 
     </span>
     <span class='ocr_line' id='line_1_32' title="bbox 136 3647 1542 3718; baseline -0.001 -16"><span class='ocrx_word' id='word_1_279' title='bbox 136 3647 253 3704; x_wconf 78' lang='lat' dir='ltr'>Nicolai</span> <span class='ocrx_word' id='word_1_280' title='bbox 283 3650 319 3703; x_wconf 91' lang='lat' dir='ltr'>de</span> <span class='ocrx_word' id='word_1_281' title='bbox 342 3647 494 3718; x_wconf 88' lang='lat' dir='ltr'>Trzyebon</span> <span class='ocrx_word' id='word_1_282' title='bbox 517 3647 586 3704; x_wconf 86' lang='lat' dir='ltr'>dicii</span> <span class='ocrx_word' id='word_1_283' title='bbox 610 3647 653 3718; x_wconf 86' lang='lat' dir='ltr'>Ly</span> <span class='ocrx_word' id='word_1_284' title='bbox 678 3690 684 3703; x_wconf 93' lang='lat'>.</span> <span class='ocrx_word' id='word_1_285' title='bbox 710 3691 716 3703; x_wconf 93' lang='lat'>.</span> <span class='ocrx_word' id='word_1_286' title='bbox 743 3691 750 3704; x_wconf 92' lang='lat'>.</span> <span class='ocrx_word' id='word_1_287' title='bbox 780 3649 857 3718; x_wconf 82' lang='lat' dir='ltr'>ka·;</span> <span class='ocrx_word' id='word_1_288' title='bbox 889 3653 918 3703; x_wconf 94' lang='lat' dir='ltr'>ln</span> <span class='ocrx_word' id='word_1_289' title='bbox 949 3648 967 3703; x_wconf 92' lang='grc'>1.</span> <span class='ocrx_word' id='word_1_290' title='bbox 1003 3648 1079 3704; x_wconf 84' lang='lat'>128:</span> <span class='ocrx_word' id='word_1_291' title='bbox 1107 3649 1198 3704; x_wconf 87' lang='lat' dir='ltr'>»liber</span> <span class='ocrx_word' id='word_1_292' title='bbox 1221 3647 1389 3703; x_wconf 90' lang='lat' dir='ltr'>monasterii</span> <span class='ocrx_word' id='word_1_293' title='bbox 1415 3687 1423 3703; x_wconf 86' lang='lat'>.</span> <span class='ocrx_word' id='word_1_294' title='bbox 1449 3689 1455 3702; x_wconf 92' lang='lat'>.</span> <span class='ocrx_word' id='word_1_295' title='bbox 1481 3689 1487 3702; x_wconf 93' lang='lat'>.</span> <span class='ocrx_word' id='word_1_296' title='bbox 1511 3647 1542 3700; x_wconf 92' lang='lat' dir='ltr'>in</span> 
     </span>
     <span class='ocr_line' id='line_1_33' title="bbox 136 3733 1540 3806; baseline -0.003 -16"><span class='ocrx_word' id='word_1_297' title='bbox 136 3734 303 3790; x_wconf 74' lang='lat' dir='ltr'>Tnebon«.</span> <span class='ocrx_word' id='word_1_298' title='bbox 333 3733 443 3790; x_wconf 88' lang='lat' dir='ltr'>Deinde</span> <span class='ocrx_word' id='word_1_299' title='bbox 474 3736 568 3790; x_wconf 81' lang='lat' dir='ltr'>codex</span> <span class='ocrx_word' id='word_1_300' title='bbox 592 3733 661 3792; x_wconf 87' lang='lat' dir='ltr'>bibl.</span> <span class='ocrx_word' id='word_1_301' title='bbox 686 3734 920 3806; x_wconf 84' lang='lat' dir='ltr'>Rosenbergicae</span> <span class='ocrx_word' id='word_1_302' title='bbox 942 3734 1005 3805; x_wconf 83' lang='lat' dir='ltr'>luit,</span> <span class='ocrx_word' id='word_1_303' title='bbox 1030 3751 1066 3791; x_wconf 91' lang='lat' dir='ltr'>ex</span> <span class='ocrx_word' id='word_1_304' title='bbox 1089 3751 1148 3806; x_wconf 88' lang='lat' dir='ltr'>qua</span> <span class='ocrx_word' id='word_1_305' title='bbox 1171 3736 1322 3790; x_wconf 85' lang='lat' dir='ltr'>restitutus</span> <span class='ocrx_word' id='word_1_306' title='bbox 1345 3740 1391 3789; x_wconf 88' lang='lat' dir='ltr'>est</span> <span class='ocrx_word' id='word_1_307' title='bbox 1414 3739 1540 3788; x_wconf 90' lang='lat' dir='ltr'>monast.</span> 
     </span>
     <span class='ocr_line' id='line_1_34' title="bbox 137 3821 282 3892; baseline -0.007 -15"><span class='ocrx_word' id='word_1_308' title='bbox 137 3821 282 3892; x_wconf 83' lang='lat' dir='ltr'>praelato.</span> 
     </span>
    </p>
   </div>
   <div class='ocr_carea' id='block_1_12' title="bbox 137 3986 1085 4211">
    <p class='ocr_par' dir='ltr' id='par_1_12' title="bbox 137 3986 1085 4211">
     <span class='ocr_line' id='line_1_35' title="bbox 249 3986 932 4069; baseline -0.009 0"><span class='ocrx_word' id='word_1_309' title='bbox 249 3986 317 4069; x_wconf 76' lang='lat' dir='ltr'>loll</span> <span class='ocrx_word' id='word_1_310' title='bbox 737 3987 765 4064; x_wconf 88' lang='lat' dir='ltr'>l.</span> <span class='ocrx_word' id='word_1_311' title='bbox 793 3989 841 4064; x_wconf 89' lang='lat' dir='ltr'>D.</span> <span class='ocrx_word' id='word_1_312' title='bbox 869 3989 932 4064; x_wconf 79' lang='lat'>20.</span> 
     </span>
     <span class='ocr_line' id='line_1_36' title="bbox 137 4125 1085 4211; baseline 0 -21"><span class='ocrx_word' id='word_1_313' title='bbox 137 4129 251 4190; x_wconf 82' lang='lat' dir='ltr'>chari.</span> <span class='ocrx_word' id='word_1_314' title='bbox 272 4145 359 4190; x_wconf 80' lang='lat' dir='ltr'>saer.</span> <span class='ocrx_word' id='word_1_315' title='bbox 382 4125 469 4188; x_wconf 91' lang='lat' dir='ltr'>XlV</span> <span class='ocrx_word' id='word_1_316' title='bbox 475 4126 522 4211; x_wconf 87' lang='lat' dir='ltr'>ff.</span> <span class='ocrx_word' id='word_1_317' title='bbox 545 4126 612 4189; x_wconf 84' lang='lat'>205</span> <span class='ocrx_word' id='word_1_318' title='bbox 633 4144 737 4202; x_wconf 69' lang='lat' dir='ltr'>norm,</span> <span class='ocrx_word' id='word_1_319' title='bbox 760 4127 803 4188; x_wconf 81' lang='lat'>29</span> <span class='ocrx_word' id='word_1_320' title='bbox 819 4127 906 4189; x_wconf 87' lang='lat'><em>&gt;&lt;22</em></span> <span class='ocrx_word' id='word_1_321' title='bbox 927 4147 991 4190; x_wconf 89' lang='lat' dir='ltr'>cm.</span> <span class='ocrx_word' id='word_1_322' title='bbox 1009 4131 1085 4190; x_wconf 80' lang='lat' dir='ltr'>lm.</span> 
     </span>
    </p>
   </div>
   <div class='ocr_carea' id='block_1_13' title="bbox 249 4247 1299 4411">
    <p class='ocr_par' dir='ltr' id='par_1_13' title="bbox 249 4247 1299 4411">
     <span class='ocr_line' id='line_1_37' title="bbox 249 4247 1071 4328; baseline -0.001 -17"><span class='ocrx_word' id='word_1_323' title='bbox 249 4249 542 4328; x_wconf 66' lang='lat' dir='ltr'>antiphonarium</span> <span class='ocrx_word' id='word_1_324' title='bbox 565 4248 660 4311; x_wconf 86' lang='lat' dir='ltr'>notis</span> <span class='ocrx_word' id='word_1_325' title='bbox 683 4247 829 4310; x_wconf 86' lang='lat' dir='ltr'>musicis</span> <span class='ocrx_word' id='word_1_326' title='bbox 852 4248 1071 4312; x_wconf 83' lang='lat' dir='ltr'>instructum.</span> 
     </span>
     <span class='ocr_line' id='line_1_38' title="bbox 251 4338 1299 4411; baseline -0.004 -15"><span class='ocrx_word' id='word_1_327' title='bbox 251 4339 352 4396; x_wconf 86' lang='lat' dir='ltr'>Codex</span> <span class='ocrx_word' id='word_1_328' title='bbox 374 4341 445 4398; x_wconf 90' lang='lat' dir='ltr'>bibl.</span> <span class='ocrx_word' id='word_1_329' title='bbox 469 4340 711 4410; x_wconf 85' lang='lat' dir='ltr'>Rosenberglcae‚</span> <span class='ocrx_word' id='word_1_330' title='bbox 735 4346 839 4411; x_wconf 90' lang='lat' dir='ltr'>postea</span> <span class='ocrx_word' id='word_1_331' title='bbox 862 4345 989 4396; x_wconf 88' lang='lat' dir='ltr'>monast.</span> <span class='ocrx_word' id='word_1_332' title='bbox 1012 4339 1209 4395; x_wconf 75' lang='lat' dir='ltr'>Trebonensis</span> <span class='ocrx_word' id='word_1_333' title='bbox 1234 4338 1299 4394; x_wconf 88' lang='lat' dir='ltr'>luit.</span> 
     </span>
    </p>
   </div>
   <div class='ocr_carea' id='block_1_14' title="bbox 141 4505 1100 4729">
    <p class='ocr_par' dir='ltr' id='par_1_14' title="bbox 141 4505 1100 4729">
     <span class='ocr_line' id='line_1_39' title="bbox 251 4505 945 4587; baseline -0.009 0"><span class='ocrx_word' id='word_1_334' title='bbox 251 4505 305 4587; x_wconf 84' lang='grc'>161</span> <span class='ocrx_word' id='word_1_335' title='bbox 751 4506 778 4583; x_wconf 91' lang='lat' dir='ltr'>I.</span> <span class='ocrx_word' id='word_1_336' title='bbox 808 4506 855 4582; x_wconf 88' lang='lat' dir='ltr'>D.</span> <span class='ocrx_word' id='word_1_337' title='bbox 884 4507 945 4582; x_wconf 84' lang='grc'>21.</span> 
     </span>
     <span class='ocr_line' id='line_1_40' title="bbox 141 4643 1100 4729; baseline -0.001 -21"><span class='ocrx_word' id='word_1_338' title='bbox 141 4649 252 4710; x_wconf 83' lang='lat' dir='ltr'>chart.</span> <span class='ocrx_word' id='word_1_339' title='bbox 276 4665 364 4710; x_wconf 84' lang='lat' dir='ltr'>saec.</span> <span class='ocrx_word' id='word_1_340' title='bbox 388 4645 458 4709; x_wconf 90' lang='lat' dir='ltr'>XV</span> <span class='ocrx_word' id='word_1_341' title='bbox 472 4646 510 4729; x_wconf 88' lang='lat' dir='ltr'>ff.</span> <span class='ocrx_word' id='word_1_342' title='bbox 534 4647 595 4709; x_wconf 85' lang='lat'>251</span> <span class='ocrx_word' id='word_1_343' title='bbox 622 4664 725 4718; x_wconf 73' lang='lat' dir='ltr'>mem„</span> <span class='ocrx_word' id='word_1_344' title='bbox 748 4643 888 4708; x_wconf 71' lang='lat'><em>30&gt;&lt;‘21</em></span> <span class='ocrx_word' id='word_1_345' title='bbox 914 4663 975 4706; x_wconf 87' lang='lat' dir='ltr'>cm.</span> <span class='ocrx_word' id='word_1_346' title='bbox 1001 4647 1032 4708; x_wconf 81' lang='lat' dir='ltr'>d.</span> <span class='ocrx_word' id='word_1_347' title='bbox 1056 4665 1100 4707; x_wconf 86' lang='lat' dir='ltr'>m.</span> 
     </span>
    </p>
   </div>
   <div class='ocr_carea' id='block_1_15' title="bbox 141 4765 1546 5106">
    <p class='ocr_par' dir='ltr' id='par_1_15' title="bbox 141 4765 1546 5106">
     <span class='ocr_line' id='line_1_41' title="bbox 251 4765 1545 4845; baseline -0.003 -15"><span class='ocrx_word' id='word_1_348' title='bbox 251 4768 271 4830; x_wconf 91' lang='lat' dir='ltr'>l.</span> <span class='ocrx_word' id='word_1_349' title='bbox 299 4769 450 4831; x_wconf 85' lang='lat'>1·-168·</span> <span class='ocrx_word' id='word_1_350' title='bbox 468 4767 764 4831; x_wconf 83' lang='lat' dir='ltr'>»Thomasskonis</span> <span class='ocrx_word' id='word_1_351' title='bbox 780 4766 969 4830; x_wconf 85' lang='lat' dir='ltr'>Sermones</span> <span class='ocrx_word' id='word_1_352' title='bbox 986 4769 1028 4829; x_wconf 88' lang='lat' dir='ltr'>de</span> <span class='ocrx_word' id='word_1_353' title='bbox 1039 4772 1227 4845; x_wconf 80' lang='lat' dir='ltr'>tempore«</span> <span class='ocrx_word' id='word_1_354' title='bbox 1249 4765 1355 4829; x_wconf 83' lang='lat' dir='ltr'>»Cum</span> <span class='ocrx_word' id='word_1_355' title='bbox 1370 4769 1545 4844; x_wconf 91' lang='lat' dir='ltr'>appropin-</span> 
     </span>
     <span class='ocr_line' id='line_1_42' title="bbox 141 4853 1545 4935; baseline -0.005 -17"><span class='ocrx_word' id='word_1_356' title='bbox 141 4863 257 4935; x_wconf 87' lang='lat' dir='ltr'>quaret</span> <span class='ocrx_word' id='word_1_357' title='bbox 279 4855 376 4916; x_wconf 88' lang='lat' dir='ltr'>Jesus</span> <span class='ocrx_word' id='word_1_358' title='bbox 398 4855 634 4917; x_wconf 80' lang='lat' dir='ltr'>ierosolimam.</span> <span class='ocrx_word' id='word_1_359' title='bbox 659 4853 781 4917; x_wconf 84' lang='lat' dir='ltr'>Sancta</span> <span class='ocrx_word' id='word_1_360' title='bbox 811 4861 914 4915; x_wconf 89' lang='lat' dir='ltr'>mater</span> <span class='ocrx_word' id='word_1_361' title='bbox 932 4855 1089 4915; x_wconf 81' lang='lat' dir='ltr'>ecclesia«</span> <span class='ocrx_word' id='word_1_362' title='bbox 1116 4854 1149 4911; x_wconf 88' lang='lat'>&gt;&lt;</span> <span class='ocrx_word' id='word_1_363' title='bbox 1176 4860 1233 4914; x_wconf 83' lang='lat' dir='ltr'>»ut</span> <span class='ocrx_word' id='word_1_364' title='bbox 1256 4857 1365 4914; x_wconf 88' lang='lat' dir='ltr'>vitam</span> <span class='ocrx_word' id='word_1_365' title='bbox 1390 4855 1545 4930; x_wconf 91' lang='lat' dir='ltr'>percipia-</span> 
     </span>
     <span class='ocr_line' id='line_1_43' title="bbox 142 4931 1546 5016; baseline -0.004 -13"><span class='ocrx_word' id='word_1_366' title='bbox 142 4958 219 5003; x_wconf 91' lang='lat' dir='ltr'>mus</span> <span class='ocrx_word' id='word_1_367' title='bbox 243 4947 387 5003; x_wconf 90' lang='lat' dir='ltr'>etemam</span> <span class='ocrx_word' id='word_1_368' title='bbox 411 4943 547 5006; x_wconf 83' lang='lat' dir='ltr'>Amen«</span> <span class='ocrx_word' id='word_1_369' title='bbox 587 4941 650 5016; x_wconf 90' lang='lat' dir='ltr'>(De</span> <span class='ocrx_word' id='word_1_370' title='bbox 674 4947 806 5003; x_wconf 88' lang='lat' dir='ltr'>auctore</span> <span class='ocrx_word' id='word_1_371' title='bbox 830 4940 870 5002; x_wconf 90' lang='lat' dir='ltr'>ci.</span> <span class='ocrx_word' id='word_1_372' title='bbox 894 4931 1018 5002; x_wconf 85' lang='lat' dir='ltr'>Balbini</span> <span class='ocrx_word' id='word_1_373' title='bbox 1042 4939 1123 5001; x_wconf 91' lang='lat' dir='ltr'>Boh.</span> <span class='ocrx_word' id='word_1_374' title='bbox 1148 4940 1279 5001; x_wconf 90' lang='lat' dir='ltr'>doctam</span> <span class='ocrx_word' id='word_1_375' title='bbox 1302 4937 1339 5012; x_wconf 85' lang='lat' dir='ltr'>il,</span> <span class='ocrx_word' id='word_1_376' title='bbox 1378 4937 1447 5009; x_wconf 87' lang='grc'><strong><em>195,</em></strong></span> <span class='ocrx_word' id='word_1_377' title='bbox 1485 4938 1546 4998; x_wconf 89' lang='lat' dir='ltr'>sed</span> 
     </span>
     <span class='ocr_line' id='line_1_44' title="bbox 143 5023 1502 5106; baseline -0.004 -16"><span class='ocrx_word' id='word_1_378' title='bbox 143 5033 285 5090; x_wconf 89' lang='lat' dir='ltr'>observa</span> <span class='ocrx_word' id='word_1_379' title='bbox 309 5045 479 5092; x_wconf 90' lang='lat' dir='ltr'>sermones</span> <span class='ocrx_word' id='word_1_380' title='bbox 503 5032 550 5090; x_wconf 90' lang='lat' dir='ltr'>sic</span> <span class='ocrx_word' id='word_1_381' title='bbox 573 5031 764 5106; x_wconf 90' lang='lat' dir='ltr'>incipientes</span> <span class='ocrx_word' id='word_1_382' title='bbox 786 5027 860 5089; x_wconf 90' lang='lat' dir='ltr'>alibi</span> <span class='ocrx_word' id='word_1_383' title='bbox 883 5028 1010 5088; x_wconf 89' lang='lat' dir='ltr'>attribui</span> <span class='ocrx_word' id='word_1_384' title='bbox 1033 5025 1159 5088; x_wconf 92' lang='lat' dir='ltr'>Jehlino</span> <span class='ocrx_word' id='word_1_385' title='bbox 1183 5026 1223 5087; x_wconf 92' lang='lat' dir='ltr'>de</span> <span class='ocrx_word' id='word_1_386' title='bbox 1246 5023 1437 5103; x_wconf 82' lang='lat' dir='ltr'>Wodhanl)</span> <span class='ocrx_word' id='word_1_387' title='bbox 1500 5061 1502 5066; x_wconf 32' lang='grc' dir='ltr'><strong><em>ι</em></strong></span> 
     </span>
    </p>
   </div>
   <div class='ocr_carea' id='block_1_16' title="bbox 831 5249 864 5302">
    <p class='ocr_par' dir='ltr' id='par_1_16' title="bbox 831 5249 864 5302">
     <span class='ocr_line' id='line_1_45' title="bbox 831 5249 864 5302; baseline 0.03 -1"><span class='ocrx_word' id='word_1_388' title='bbox 831 5249 864 5302; x_wconf 76' lang='grc'>59</span> 
     </span>
    </p>
   </div>
   <div class='ocr_carea' id='block_1_17' title="bbox 0 0 1953 5970">
    <p class='ocr_par' dir='ltr' id='par_1_17' title="bbox 0 0 1953 5970">
     <span class='ocr_line' id='line_1_46' title="bbox 0 0 1953 5970; baseline 0 0"><span class='ocrx_word' id='word_1_389' title='bbox 0 0 1953 5970; x_wconf 95' lang='lat' dir='ltr'> </span> 
     </span>
    </p>
   </div>
  </div>
 </body>
</html>
