3890 5970
275 2025 375 2136 Cum
399 2089 426 2134 c.
444 2091 467 2134 r.
484 2074 696 2134 bibliothecae
720 2074 867 2152 publicae
883 2079 980 2152 atque
998 2076 1216 2134 universitatis
1233 2073 1406 2151 Progensis
1422 2075 1566 2147 historia,

170 2185 264 2242 cuius
300 2184 403 2258 prima
437 2181 543 2256 capita
576 2177 618 2238 ad
652 2178 751 2238 libros
785 2191 886 2238 manu
921 2181 1060 2256 scriptos
1095 2183 1253 2256 spectant,
1288 2181 1351 2238 iam
1387 2183 1467 2239 satis
1500 2179 1568 2242 illu-

172 2291 272 2345 strata
295 2289 337 2344 sit
358 2284 504 2362 inprimis
528 2285 599 2342 trito
623 2297 720 2360 opere
744 2277 998 2360 Hanslikian0,¹)
1032 2280 1074 2341 ad
1098 2281 1365 2359 cognoscendam
1400 2287 1567 2362 originem,

171 2392 379 2462 incrementa,
408 2391 613 2464 praesentem
645 2391 766 2446 statum
798 2385 948 2446 codicum
979 2387 1042 2446 hoc
1073 2386 1222 2464 catalogo
1253 2385 1489 2464 descriptorum
1514 2405 1568 2449 su-

171 2499 287 2570 perest,
322 2498 358 2552 ut
380 2493 488 2568 capita
516 2490 568 2550 illa
591 2494 687 2551 novis
720 2491 1023 2568 investigationibus
1057 2493 1256 2568 corrigantur
1285 2495 1316 2550 et
1346 2493 1566 2569 suppleantur.

172 2594 375 2675 Quapropter
397 2593 546 2670 catalogo
570 2599 756 2655 nostrorum
780 2594 931 2655 codicum
962 2595 1144 2666 latinorum,
1176 2597 1287 2671 utpote
1311 2611 1449 2672 quornm
1474 2599 1568 2674 copia

172 2701 266 2780 longe
289 2704 434 2760 maxima
457 2701 507 2772 sit,
539 2701 752 2777 praemittitur
773 2699 855 2758 haec
889 2697 1056 2776 praefatio,
1088 2714 1153 2775 qua
1183 2703 1258 2774 post
1291 2703 1567 2776 computationem

172 2805 324 2865 librorum
347 2808 486 2883 primum
511 2804 689 2864 disseretur
718 2802 759 2863 de
791 2802 991 2880 singularum
1022 2802 1298 2874 bibliothecarum,
1330 2803 1490 2881 equibus
1513 2820 1568 2865 co·

173 2907 262 2968 dices
286 2910 387 2968 nostri
411 2912 640 2986 provenerunt,
666 2906 749 2978 latis,
774 2906 891 2968 deinde
908 2906 949 2966 de
965 2906 1197 2966 vetustioribus
1214 2906 1393 2967 eorundem
1417 2907 1567 2969 codicum

172 3011 338 3090 catalogis,
374 3018 541 3090 postremo
565 3010 605 3070 de
630 3013 728 3071 totius
763 3014 870 3088 operis
894 3013 1027 3082 ratione,
1064 3009 1230 3079 subsidiis,
1265 3009 1472 3071 adiumentis.
1519 3009 1567 3073 De

172 3119 415 3193 computatione
438 3115 520 3176 haec
544 3113 788 3192 praemonenda
811 3129 887 3173 esse
918 3129 1049 3173 censeo.
1096 3111 1180 3174 Cum
1211 3111 1428 3175 describendo
1451 3115 1568 3176 latinos

173 3225 295 3279 tantum
332 3219 465 3298 codices
499 3222 770 3297 pertractaverim‚
804 3219 877 3277 llcet
912 3232 1024 3278 eorum
1060 3221 1154 3295 copia
1188 3221 1332 3276 maxima
1366 3221 1416 3292 sit,
1458 3223 1568 3281 tamen

172 3331 295 3400 partem
331 3329 553 3400 perscrutatus
578 3322 618 3382 de
642 3327 710 3382 toto
745 3322 944 3399 exploratam
981 3324 1174 3381 sententiam
1208 3320 1290 3381 terre
1324 3337 1458 3394 recuso;
1493 3323 1569 3384 ideo

172 3440 388 3504 quaecunque
412 3426 602 3488 rationando
626 3429 770 3486 numeris
794 3427 951 3502 expressi,
976 3441 1015 3486 ea
1039 3428 1086 3485 sic
1109 3426 1204 3484 velim
1228 3427 1366 3502 accipiat
1388 3426 1569 3488 benevolus

172 3530 280 3603 lector,
316 3547 357 3591 ne
381 3534 476 3592 nimis
507 3546 663 3590 numeros
698 3535 832 3607 premat,
864 3531 983 3608 quippe
1018 3533 1071 3608 qui
1096 3532 1157 3589 nisi
1192 3534 1259 3589 tota
1280 3529 1433 3590 librorum
1468 3547 1568 3591 manu

173 3637 366 3711 scriptorum
390 3633 603 3694 bibliothecae
634 3631 856 3695 Clementinae
887 3637 982 3712 copia
1015 3637 1201 3694 examinata
1230 3636 1371 3693 accurati
1402 3649 1477 3696 esse
1502 3652 1568 3697 non

173 3741 308 3814 possint.

275 3857 410 3919 Omnes⁴
425 3860 557 3920 codices
581 3863 682 3920 nostri
717 3863 851 3919 nonita
881 3859 1005 3937 pridem
1035 3861 1068 3920 in
1099 3873 1246 3932 musae0,
1282 3860 1371 3938 quod
1395 3862 1470 3921 olim
1501 3878 1568 3922 ma·

173 3964 617 4025 thematico-astronomicum
652 3964 776 4041 collegii
815 3961 848 4024 S.
884 3961 910 4024 J.
950 3961 1141 4025 Clementini
1184 3962 1359 4036 dicebatur,
1394 3967 1569 4027 commode

172 4072 268 4145 atque
292 4068 391 4128 nitide
426 4069 626 4146 prostabant.
669 4065 735 4129 Sed
770 4071 846 4146 quia
880 4067 973 4128 locus
1013 4069 1063 4127 ille
1098 4083 1197 4144 supra
1230 4068 1371 4127 culinam
1406 4073 1568 4131 seminarii

173 4170 457 4248 archiepiscopalis
481 4175 564 4232 situs
587 4187 701 4249 parum
727 4175 815 4231 tutus
838 4170 1018 4244 videbatur,
1054 4185 1130 4230 cum
1154 4187 1195 4231 ex
1218 4174 1325 4231 vicina
1347 4178 1436 4249 parte
1470 4177 1569 4234 semi-

288 4358 312 4438 ¹)
336 4359 399 4420 Jos.
423 4364 458 4423 A.
475 4364 609 4431 Hanslilr,
634 4364 807 4420 Geschichte
831 4369 890 4421 und
914 4363 1134 4434 Beschreibung
1156 4367 1207 4419 der
1229 4363 1334 4434 Prager
1356 4365 1569 4423 Universititts-

173 4451 344 4520 bibliothelr‚
368 4449 443 4522 Prag
469 4451 560 4509 1851.
584 4449 627 4506 Ex
650 4451 796 4522 prioribus
819 4451 910 4520 libris,
935 4451 984 4522 qui
1001 4455 1051 4506 aut
1068 4457 1159 4506 totam
1177 4451 1383 4507 bibliothecam
1407 4461 1457 4508 aut
1472 4462 1569 4524 partes

172 4537 233 4592 eius
257 4545 448 4610 concernunt,
472 4538 527 4594 hos
551 4553 770 4594 commemoro:
802 4537 833 4596 L.
857 4537 882 4593 J.
907 4535 1113 4604 Scherschnili,
1143 4525 1223 4593 Uber
1256 4540 1313 4592 den
1336 4536 1487 4610 Ursprung
1509 4543 1568 4595 und

172 4625 216 4679 die
239 4623 405 4679 Auinahme
428 4625 479 4679 der
499 4624 666 4681 Bibliothelr
689 4640 735 4679 am
752 4625 1016 4680 Clementinischen
1040 4621 1203 4695 Collegium
1226 4625 1256 4680 in
1278 4621 1360 4696 Prag,
1384 4625 1570 4698 Prag1775;

171 4709 203 4767 B.
227 4709 343 4766 Balbini
367 4709 508 4767 Bohemia
531 4714 619 4767 docta
642 4714 686 4768 ed.
710 4709 817 4784 Ungm,
841 4709 890 4767 Ill.
914 4710 1044 4784 (1780);
1078 4709 1114 4766 K.
1138 4710 1169 4769 R.
1193 4709 1301 4781 Ungar,
1337 4709 1468 4768 Versuch
1492 4714 1571 4769 einer

173 4796 346 4853 Geschichte
369 4800 420 4852 der
441 4795 643 4854 Bibliotheken
666 4797 696 4853 in
720 4797 861 4868 Bbhmen,
883 4795 956 4868 Prag
982 4795 1080 4864 1785;
1114 4797 1150 4852 A.
1174 4796 1270 4868 Spirk,
1305 4797 1479 4854 Geschichte
1509 4800 1570 4856 und

172 4881 390 4955 Beschreibung
407 4886 459 4939 der
476 4885 505 4942 k.
521 4885 551 4943 k.
564 4883 938 4940 Universitiits-Bibliothelt
953 4899 989 4940 zu
1005 4883 1087 4954 Prag,
1100 4881 1188 4939 Wien
1208 4884 1306 4954 18443
1330 4900 1344 4938 e
1360 4886 1570 4956 posterioribus

173 4972 443 5028 commentariolum
478 4987 591 5030 meum:
622 4969 741 5027 Piehled
775 4969 853 5043 dejin
889 4969 1071 5040 bibliothtlry
1101 4969 1329 5040 Klementinske',
1354 4967 1463 5028 Osveta
1489 4973 1569 5030 1882

174 5073 200 5126 p.
224 5057 405 5128 656-663,
430 5059 610 5128 dac-708,
634 5058 815 5115 sia-825.
1565 5059 1566 5068 ’

64 5683 412 5900 dialem*
444 5683 687 5938 illesa
