3844 5968
1046 603 1109 666 285

508 819 529 880 i.
553 813 715 879 542—611’
737 814 867 877 Fabula
888 812 1090 876 versificata
1110 812 1153 875 de
1176 813 1340 892 accipitre
1355 821 1391 876 et
1405 815 1545 879 cornice
1561 821 1673 896 incip.:
1694 815 1806 878 »quta

399 923 497 968 suum
521 906 645 967 libitum
669 907 830 983 poyerunt
864 903 985 962 multi«.
1010 900 1089 961 Item
1120 917 1237 962 versus
1268 902 1309 962 de
1344 906 1435 981 pigro
1459 905 1666 966 somnolento
1690 907 1805 984 incip.:

401 991 538 1055 ›Scisne
556 1007 714 1054 moram«

507 1096 528 1158 i.
552 1095 595 1157 62
616 1093 707 1156 Frat.
731 1093 892 1156 Andreae
915 1092 959 1154 de
980 1089 1174 1154 Benessow
1189 1090 1338 1170 epistola
1352 1094 1395 1154 ad
1410 1092 1566 1157 Uiricum
1580 1094 1625 1157 de
1637 1093 1803 1158 Kalenicz

398 1184 442 1246 de
464 1181 710 1246 communione
743 1182 809 1242 sub
839 1185 986 1256 utraque
1017 1177 1143 1256 specle,
1175 1182 1251 1239 item
1281 1179 1345 1239 alla
1374 1181 1512 1258 epistola
1545 1185 1660 1260 prioris
1683 1197 1804 1243 canon.

399 1271 501 1349 regul.
526 1268 698 1331 cuiusdam
722 1266 763 1327 de
787 1266 904 1328 eadam
929 1270 1063 1328 materia
1085 1269 1177 1344 (pars
1201 1264 1256 1326 101.
1280 1269 1411 1342 scissa).
1446 1283 1450 1292 “

506 1374 529 1435 i.
552 1372 594 1434 63
618 1370 727 1449 Copia
748 1369 926 1448 Epistolae
949 1369 1115 1432 Matthiae
1138 1368 1331 1448 praepositi
1361 1367 1593 1433 Rudnicensis
1615 1371 1805 1434 creditivae

398 1459 498 1522 fratri
530 1459 690 1522 Andreae
724 1458 834 1530 datae,
868 1463 908 1519 ut
941 1457 1031 1519 bello
1065 1461 1189 1519 exorto
1220 1455 1418 1534 ubicunque
1448 1454 1636 1521 foveretur.
1682 1457 1804 1519 Datum

398 1546 546 1609 Rudnicz
568 1545 620 1608 Vl.
644 1563 711 1625 apr.
738 1541 830 1606 1467.

507 1651 527 1712 i.
552 1649 681 1711 64-66
705 1647 877 1711 Rhetorica
899 1653 989 1710 initio
1013 1653 1100 1710 etin
1123 1648 1189 1710 fine
1214 1650 1369 1710 mutilata.

506 1753 527 1816 1.
551 1745 707 1815 67·-75δ
737 1751 885 1815 Salustii
915 1751 1031 1830 Crispi
1064 1751 1216 1816 Catilina
1238 1751 1347 1825 (Liber
1375 1757 1610 1814 commentario
1634 1756 1802 1831 marginali

397 1847 586 1914 instructus,
612 1841 671 1901 sed
695 1857 762 1902 non
786 1843 930 1917 integer).

506 1962 527 2024 f.
552 1958 716 2023 78¹--9Ob
740 1959 898 2038 (anepigr.)
932 1960 1115 2023 Tractatus
1149 1961 1192 2024 de
1225 1959 1422 2024 obedientia
1455 1963 1676 2039 (conscriptus
1710 1965 1800 2022 initio

398 2050 470 2110 belli
505 2055 618 2111 contra
653 2047 831 2128 Georgium
866 2065 975 2126 regern
1010 2052 1164 2124 excitati).
1199 2046 1359 2109 »Obedire
1383 2047 1446 2108 deo
1469 2051 1596 2126 oportet
1618 2051 1743 2126 magis«
1771 2049 1804 2106 ><

401 2135 491 2214 »Ego
514 2141 624 2197 autem
659 2140 692 2196 et
722 2134 842 2196 domus
878 2152 952 2196 mea
975 2135 1169 2195 obediemus
1193 2181 1200 2196 .
1226 2182 1233 2195 .
1259 2183 1266 2194 .
1291 2135 1320 2195 b.
1345 2135 1505 2212 apostolis
1539 2140 1621 2194 ets.
1645 2134 1801 2212 patribus.

398 2227 453 2302 qui
477 2238 645 2285 summum
669 2221 857 2301 pontificem
884 2269 891 2284 .
917 2269 923 2283 .
950 2270 957 2282 .
983 2238 1040 2301 pro
1065 2238 1220 2300 supremo
1244 2221 1350 2282 iudice
1375 2271 1381 2282 .
1408 2267 1414 2281 .
1441 2268 1447 2282 .
1472 2224 1743 2282 constituerunt«

506 2343 525 2405 i.
550 2338 732 2404 911-1021
755 2345 913 2417 (anepigr.)
943 2342 987 2404 Μ.
1022 2341 1146 2405 Jacobi
1171 2341 1380 2404 Parisiensis
1415 2341 1592 2422 Quaestio,
1627 2359 1672 2403 an
1701 2341 1805 2404 liceat

398 2430 535 2494 clericis
558 2427 688 2508 aliquid
709 2429 900 2507 possidere.
928 2428 1032 2491 »Inter
1054 2433 1116 2491 alia
1139 2430 1241 2507 disp·
1269 2433 1391 2503 (cetera
1413 2429 1514 2489 verba
1537 2429 1667 2490 initialia
1688 2430 1804 2489 evulsa

399 2519 492 2592 sunt)
514 2518 548 2575 Χ
574 2533 770 2596 »aggregare
793 2532 899 2594 queso
922 2516 1065 2594 dignare.
1091 2516 1227 2578 Amen«
1254 2515 1317 2589 (Cf.
1342 2515 1415 2576 cod.
1439 2514 1489 2577 IV.
1514 2513 1554 2576 H.
1579 2515 1599 2574 2
1622 2515 1642 2576 i.
1671 2514 1743 2577 110.
1768 2515 1802 2576 111

399 2604 472 2666 cod.
496 2602 582 2666 4933
598 2603 673 2665 bibl.
697 2605 759 2683 pal.
783 2601 923 2664 Vindob.
946 2603 1100 2666 Johanni
1123 2603 1251 2666 Stolres
1274 2606 1423 2682 quaestio
1447 2603 1529 2662 haec
1546 2602 1736 2664 attribuitur.
1753 2601 1801 2663 Cf.

398 2694 497 2752 etiam
521 2690 669 2751 eiusdem
694 2690 768 2751 bibl.
793 2690 865 2751 cod.
890 2689 1000 2764 4941).

508 2809 529 2873 i.
557 2805 757 2873 1032--107b
783 2811 958 2874 »liusonis
980 2811 1112 2890 scripta
1134 2817 1170 2873 et
1192 2811 1284 2874 dicta
1313 2815 1435 2874 contra
1468 2810 1640 2887 prelatos·
1667 2811 1726 2888 (z
1747 2809 1804 2873 De

397 2897 445 2960 VI
467 2898 643 2961 erroribus
673 2915 747 2977 cap.
770 2897 791 2959 6
820 2898 864 2960 de
895 2897 1072 2976 simonia).
1104 2898 1170 2972 (Ad
1193 2897 1214 2960 f.
1243 2898 1303 2960 105
1326 2898 1535 2959 ferruminata
1557 2903 1609 2958 est
1631 2897 1801 2970 schedula,

399 2989 431 3047 in
455 3002 521 3063 qua
544 2984 633 3047 Crux
667 2986 752 3047 hanc
783 2991 895 3048 notam
930 2990 1056 3065 posuit:
1093 2985 1150 3047 »A
1183 2985 1213 3046 d.
1248 2984 1331 3047 1416
1362 2989 1438 3060 (sict
1469 2994 1617 3046 currente
1641 2988 1673 3044 in
1697 2985 1750 3044 dic
1774 3001 1802 3044 5.

398 3073 534 3151 Agnetis
558 3076 691 3152 virginis
714 3074 856 3150 gloriose
880 3079 913 3133 et
935 3076 1073 3133 martiris
1106 3072 1193 3134 dicto
1217 3076 1376 3133 matutino
1399 3075 1493 3149 quasi
1517 3074 1549 3130 in
1573 3071 1683 3131 media
1704 3077 1802 3132 nocte

397 3162 430 3221 in
461 3175 590 3220 carcere
628 3163 765 3220 civitatis
797 3157 996 3222 Constancie
1028 3165 1174 3238 tempore
1196 3161 1333 3231 concilii,
1366 3158 1455 3236 quod
1479 3174 1535 3235 per
1558 3163 1802 3235 procuratorem

399 3245 557 3324 agebatur
579 3262 682 3306 causa
704 3251 820 3308 contra
842 3263 894 3307 me
918 3262 1019 3325 super
1040 3247 1151 3306 multis
1173 3247 1325 3318 articulis,
1343 3243 1479 3306 finaliter
1501 3245 1621 3322 perlegi
1643 3244 1802 3322 legendas

398 3332 551 3392 librorum
588 3337 620 3393 et
652 3348 720 3392 non
744 3335 834 3412 potui
869 3335 964 3412 plene
988 3337 1157 3411 corrigere,
1182 3337 1258 3413 quia
1281 3335 1369 3393 carui
1394 3331 1499 3392 biblia.
1536 3327 1607 3390 Hec
1628 3329 1801 3392 lohannes

398 3417 470 3480 Hus
494 3421 622 3498 propria
656 3435 757 3479 manu
792 3435 854 3480 sua
884 3423 916 3480 in
946 3423 1064 3480 viatico
1088 3435 1161 3494 suo,
1186 3418 1350 3500 quemad
1386 3421 1579 3497 peticionem
1604 3418 1803 3495 palatinatus

398 3511 599 3566 consecutus
634 3511 687 3566 est
715 3511 747 3566 et
777 3505 912 3568 donavit
942 3511 1141 3568 monasterio
1173 3511 1205 3567 in
1237 3505 1444 3583 lngelheim.«
1470 3502 1519 3564 Cl.
1544 3499 1684 3581 Sitzgsb.
1712 3503 1742 3565 d.
1768 3505 1800 3565 11.

397 3591 473 3653 boh.
498 3589 575 3654 Ges,
601 3592 632 3653 d.
656 3591 709 3652 W.
738 3591 830 3667 1864,
855 3592 876 3664 1,
905 3593 988 3667 141).
1017 3591 1228 3673 »Symoniam
1253 3593 1410 3670 capitulo:
1428 3589 1511 3652 Cum
1528 3594 1561 3651 in
1577 3591 1715 3651 ecclesie
1731 3608 1801 3651 cor-

397 3695 494 3757 pore«
523 3675 551 3741 Χ
579 3679 871 3756 »dampnacionem
896 3677 1052 3757 effugiant
1067 3683 1328 3757 sempiternam«
1355 3677 1544 3759 Sequuntur
1573 3683 1727 3756 excerpta
1758 3678 1800 3738 de

396 3763 435 3824 V.
459 3766 538 3825 libro
562 3765 770 3826 decretalium
794 3767 834 3826 de
858 3764 1012 3828 Simonia.

504 3885 525 3947 f.
553 3885 627 3950 108·
650 3884 838 3964 (iohannis
861 3885 1070 3964 liuczniczi)
1097 3883 1257 3964 Epistola
1285 3886 1328 3946 de
1350 3883 1489 3946 nunciis
1513 3883 1705 3946 bohemicis
1721 3885 1804 3946 data

395 3971 832 4121 maigffigggisllprilis
858 3971 942 4034 1462
964 3972 1007 4034 ad
1029 3971 1213 4035 Nicolaum
1235 3970 1440 4050 Tempellelt
1472 3976 1652 4032 cantorem
1674 3973 1799 4034 eccles.

504 4161 524 4221 1.
553 4159 627 4224 108¹»
650 4163 780 4224 Antonii
805 4163 845 4224 de
870 4161 1020 4242 Eugubio
1045 4167 1263 4242 procuratoris
1285 4161 1409 4223 fiscalis
1433 4161 1478 4222 Pii
1501 4160 1526 4223 Il
1550 4161 1743 4224 Protestatio
1766 4167 1801 4224 in

391 4254 719 4412 Ξῗὲἓίηὲιῖοῑςίᾙᾞ
742 4250 999 4312 bohemicorum.
1023 4249 1103 4312 item
1125 4249 1257 4312 Dekret
1279 4240 1406 4311 snemu
1428 4245 1672 4327 Basilejslre'ho
1697 4243 1802 4328 opii-

504 4437 524 4500 l.
553 4435 748 4501 109⁶-155b
780 4439 825 4503 Μ.
860 4439 1034 4504 iohannis
1069 4441 1111 4503 de
1145 4439 1356 4519 Rokyczano
1384 4438 1566 4502 Tractatus
1590 4445 1714 4502 contra
1735 4457 1802 4503 sex

394 4524 654 4603 propositiones
691 4525 836 4590 frivolas
871 4528 1080 4606 derogantes
1114 4526 1353 4590 communioni
1388 4525 1542 4589 fidelium
1583 4524 1701 4606 specie
1734 4529 1802 4588 sub

394 4615 541 4760 Rtrtaqlute
558 4631 722 4776 ss-lggsr
753 4614 848 4677 notis
883 4614 1027 4693 margin.
1059 4613 1240 4692 polemicis
1271 4611 1394 4676 Crucis
1429 4613 1472 4675 de
1493 4612 1593 4676 'selca
1615 4612 1679 4688 (ct.
1703 4613 1803 4693 Voigt

425 4715 465 4759 c.
502 4718 533 4759 1.
586 4748 593 4770 ,
698 4749 704 4762 .

503 4802 523 4865 i.
552 4797 747 4865 1572--165b
772 4803 988 4866 »Soluciones
1012 4810 1044 4866 et
1060 4806 1292 4866 conclusiones
1317 4822 1417 4883 super
1440 4808 1649 4865 auctoritates
1673 4808 1801 4882 positas

395 4905 453 4967 per
475 4889 690 4970 Wylrlcfistas
714 4890 913 4953 Constancie
936 4892 1021 4953 edite
1045 4897 1077 4952 et
1099 4894 1277 4970 approbate
1302 4939 1308 4953 .
1335 4939 1341 4952 .
1368 4937 1374 4952 .
1400 4891 1488 4972 quod
1512 4908 1578 4951 non
1603 4893 1676 4950 licet
1699 4891 1801 4951 laicos

394 4976 604 5130 15111117ἒὲ1011οἓ
624 4982 732 5057 specie
755 4982 1016 5040 communicare«
1044 4977 1121 5052 (sub
1145 4995 1233 5039 nom.
1247 4977 1292 5040 M.
1315 4977 1467 5040 Mauritii
1482 4976 1581 5055 Prag.
1598 4976 1682 5038 adid.
1697 4975 1803 5038 Hardt

422 5109 428 5136 ‚
540 5080 590 5142 sq.

1073 5287 1120 5336 122
