3830 5966
1061 489 1141 550 1317

504 691 609 772 teir
987 691 1067 769 rh.
1094 693 1138 768 Ε.
1165 693 1228 768 27.
1341 643 1343 648 ’

398 831 506 894 chart.
529 849 618 894 saec.
639 829 708 894 XV
723 833 763 914 ff.
789 832 830 896 73
851 851 955 906 num„
979 833 1058 896 205
1069 835 1107 912 ><
1121 835 1166 896 15
1176 851 1238 894 cm.
1262 832 1280 894 l
1305 851 1350 894 m.

513 953 534 1014 1.
562 953 696 1016 1⁸-3r
721 953 860 1017 Martini
884 953 1071 1016 minoritae
1093 953 1214 1016 Flores
1236 959 1434 1032 temporum
1466 954 1554 1028 (»vel
1584 959 1744 1032 excerpta
1767 955 1804 1013 de

401 1044 542 1101 cronicis
578 1047 610 1103 et
640 1042 755 1103 dicitur
786 1045 917 1103 cronica
949 1039 1164 1103 Martimiani‹
1189 1042 1316 1102 -sed
1347 1041 1441 1114 false,
1476 1039 1517 1102 cl.
1550 1039 1719 1114 Potthast)
1743 1055 1805 1102 seu

400 1126 591 1189 chronicon
621 1127 870 1205 imperatorum
900 1132 935 1188 et
969 1127 1175 1206 pontificum
1208 1128 1253 1190 ad
1285 1127 1451 1190 Carolum
1479 1126 1526 1189 1v
1549 1127 1804 1190 continuatum.

402 1213 529 1274 »Prima
558 1221 629 1276 etas
659 1215 804 1277 duravit«
831 1217 863 1273 ><
891 1219 1126 1276 »communiter
1157 1213 1323 1278 diliidavit.
1356 1214 1496 1293 Explicit
1518 1219 1713 1293 excerptum
1738 1230 1805 1275 cro·

398 1317 499 1362 nice«

504 1385 525 1448 i.
549 1385 713 1448 312-311‘
736 1390 827 1450 Aliae
849 1393 946 1450 notae
970 1387 1154 1450 historicae.

503 1473 524 1534 l.
548 1472 710 1535 32⁸-36b
733 1474 915 1537 'tractatus
938 1473 980 1535 de
1003 1474 1073 1537 tide
1095 1475 1268 1537 catholica
1291 1480 1326 1536 et
1355 1474 1397 1536 de
1420 1473 1659 1535 sacramentis.
1701 1473 1806 1552 »Quia

400 1563 470 1620 sine
493 1559 559 1620 fide
582 1565 746 1623 neminem
770 1565 923 1623 convenit
952 1562 1087 1623 salvari«
1117 1565 1148 1618 ><
1176 1565 1262 1640 »pari
1286 1578 1372 1640 pena
1395 1565 1473 1621 sunt
1495 1561 1660 1638 puniendi.
1712 1559 1805 1639 Expl.

399 1651 488 1707 tract.
525 1647 566 1707 de
596 1645 661 1707 fide
696 1649 779 1710 cath.
812 1655 843 1710 et
877 1649 917 1709 de
948 1652 1193 1711 sacramentis«
1227 1645 1415 1723 (Tractahts
1439 1648 1480 1708 de
1504 1646 1569 1709 fide
1593 1651 1745 1708 maxima
1766 1664 1806 1708 ex

400 1738 489 1812 parte
512 1734 692 1795 concordat
720 1751 796 1796 cum
827 1733 1049 1799 Catechismo
1079 1734 1262 1798 bohemico
1295 1732 1339 1796 Μ.
1374 1732 1548 1796 Johannis
1581 1732 1665 1808 llus,
1707 1751 1804 1813 quem

401 1820 501 1880 edidit
523 1819 676 1900 Palacky,
701 1819 840 1884 Docum.
866 1821 954 1896 703.)

503 1905 523 1967 i.
547 1906 588 1968 37
612 1908 754 1987 (anepigr.
779 1913 837 1968 alia
866 1911 970 1980 manu)
1003 1909 1079 1972 List
1108 1909 1154 1972 ke
1185 1897 1243 1970 vsi
1271 1906 1350 1969 obci
1382 1899 1576 1969 ohlizkem
1605 1899 1805 1985 poslednim

400 1994 524 2054 soudu.
552 1993 679 2055 ›Miiost
702 2001 795 2056 otcze
819 1997 1119 2058 wsemohuczeho«
1145 1997 1178 2056 ><
1205 1995 1398 2073 ›wsiczlmy
1421 2009 1547 2074 wemy.
1571 1990 1803 2072 Napomynam

400 2095 473 2140 was
497 2096 555 2158 pro
577 2097 698 2159 gmeno
722 2081 816 2142 bozie
839 2083 906 2161 aby
928 2089 1017 2145 tento
1041 2084 1093 2144 list
1117 2084 1158 2144 bil
1182 2097 1344 2142 oznamen
1368 2097 1446 2159 wsy
1467 2080 1605 2159 obczy.«

503 2166 523 2227 1.
547 2165 710 2228 381-72ι
733 2167 869 2246 (Jacobi
885 2168 927 2230 de
943 2169 1047 2247 Misa)
1062 2168 1245 2232 Tractatus
1262 2169 1302 2229 de
1315 2167 1564 2229 communione
1576 2167 1641 2228 sub
1652 2170 1804 2243 utraque

399 2252 515 2330 specie
538 2258 660 2315 contra
689 2254 935 2318 conclusiones
965 2257 1148 2320 doctorum
1180 2252 1518 2316 constantiensium.
1567 2253 1694 2314 »Prima
1729 2269 1803 2314 con·

400 2341 525 2402 clusio:
549 2339 677 2404 Cristus
701 2347 777 2419 post
799 2358 915 2404 cenam
939 2349 1000 2405 etc.
1024 2342 1288 2406 Fundamentum
1312 2340 1418 2402 aliud«
1447 2341 1481 2397 ><
1506 2341 1585 2401 »illic
1608 2345 1640 2400 et
1655 2344 1805 2401 minister

401 2441 495 2486 meus
519 2431 586 2487 erit.
621 2426 714 2506 Expl.
747 2431 978 2490 conclusiones
1011 2431 1051 2491 de
1086 2429 1287 2493 Constancia
1308 2433 1422 2489 contra
1445 2430 1718 2489 communionem
1742 2426 1803 2486 sub

399 2517 536 2591 utraque
560 2518 670 2592 specie
693 2520 725 2574 et
748 2520 982 2592 responsiones
1004 2517 1047 2577 ad
1071 2534 1148 2577 eas«
1168 2565 1175 2578 .
1194 2567 1200 2576 .
1219 2561 1226 2574 .
1243 2515 1341 2594 (opus
1358 2518 1517 2591 integrum
1541 2513 1615 2574 edit.
1631 2511 1743 2573 Hardt
1756 2511 1802 2575 lIl.

399 2598 458 2660 591
488 2604 561 2678 sq.).

503 2685 523 2746 1.
548 2685 707 2747 721-73ι
735 2687 989 2751 »Auctoritates
1017 2689 1161 2752 collecte
1196 2687 1305 2765 Prage
1339 2703 1361 2746 a
1394 2685 1572 2764 magistris
1595 2685 1701 2747 etad
1724 2700 1802 2746 oon·

399 2769 517 2834 cilium
541 2770 819 2836 constanciense
842 2774 971 2840 directe
1004 2792 1034 2838 a.
1069 2774 1151 2838 1417
1174 2779 1257 2853 post
1279 2773 1410 2836 festum
1432 2775 1675 2851 pentecostes«
1706 2771 1803 2850 (frag-

400 2863 569 2930 mentum).

504 2945 525 3006 1.
551 2943 712 3008 732-731‘
727 2951 884 3023 (anepigr.)
899 2947 1135 3027 Promulgatio
1151 2952 1300 3027 quatuor
1315 2944 1544 3008 articulorum
1559 2944 1802 3023 Pragensium

403 3027 544 3093 »Notum
568 3037 610 3094 sit
633 3035 786 3097 omnibus
809 3033 1102 3098 christifidelibus«
1129 3039 1161 3095 ><
1187 3037 1434 3113 »paratissimos
1457 3033 1681 3093 exhibemus«

506 3121 701 3194 Praeligatum
733 3131 777 3181 est
807 3124 999 3195 fragmentum
1030 3126 1150 3183 membr.
1183 3127 1295 3180 codicis
1331 3123 1429 3194 liturg.
1461 3137 1540 3180 saec.
1571 3120 1650 3192 XIV,
1680 3124 1714 3177 in
1746 3135 1801 3193 quo

401 3214 559 3263 occurrunt
582 3213 725 3281 quaedam
749 3212 979 3284 benedictiones,
1002 3212 1071 3267 item
1096 3213 1113 3267 6
1138 3211 1188 3268 iol.
1213 3211 1314 3280 chart,
1337 3210 1367 3265 in
1391 3210 1498 3282 quibus
1521 3215 1590 3264 sunt
1606 3214 1695 3264 notae
1712 3208 1803 3264 histo-

400 3293 479 3348 ricae
503 3295 609 3367 partim
633 3300 670 3353 ad
694 3313 769 3369 opus
796 3297 914 3355 »tiores
937 3306 1118 3370 temporum«
1145 3304 1320 3370 spectantes.

504 3477 606 3561 l3l8
976 3483 1060 3560 VII.
1088 3483 1132 3559 E.
1160 3483 1221 3558 28.

398 3619 508 3681 chart.
530 3637 620 3683 saec.
645 3617 731 3682 XVI
746 3619 787 3704 ff.
810 3623 884 3699 144,
907 3624 948 3686 21
963 3627 996 3684 ><
1011 3625 1054 3688 16
1077 3643 1139 3687 cm.
1168 3625 1182 3685 1
1208 3641 1253 3686 m.

597 3740 727 3805 Urbani
750 3743 870 3824 Rhegii
892 3746 1102 3809 Rudimenta
1123 3744 1366 3825 philosophiae
1388 3740 1600 3804 Aristotelis.

505 3859 525 3921 l.
554 3857 587 3922 lb
610 3865 787 3940 (Epistolaz)
813 3865 874 3927 »ll
899 3865 1054 3929 Urbanus
1078 3866 1198 3945 Regius
1222 3865 1390 3944 discipulis
1407 3867 1477 3924 suis
1502 3915 1508 3925 .
1535 3909 1541 3922 .
1568 3914 1573 3923 .
1599 3861 1652 3924 Ex
1669 3867 1801 3923 ruinoso

403 3943 553 4008 Liliorum
584 3950 798 4013 contubernio
829 3955 1010 4033 Angelipoli
1034 3955 1161 4014 decima
1183 3951 1268 4013 Junii
1291 3971 1321 4013 a.
1344 3953 1477 4030 virginei
1501 3955 1614 4028 partus
1641 3949 1744 4010 1516«
1771 3949 1801 4006 Χ

404 4031 424 4093 1.
453 4034 531 4095 144²
553 4035 712 4114 (Peroratio
722 4042 744 4114 :)
770 4038 860 4101 »Deo
883 4045 1006 4119 optimo
1030 4043 1200 4101 maximo.
1221 4090 1226 4099 .
1247 4085 1254 4100 .
1275 4088 1281 4100 .
1305 4042 1515 4115 animamque
1539 4041 1642 4097 totam
1661 4035 1802 4114 perlecta

405 4121 708 4202 iucundissimaque
732 4125 880 4188 fruitione
903 4132 935 4188 in
959 4143 1024 4189 sec.
1050 4143 1116 4188 sec.
1142 4123 1208 4188 Soli
1233 4125 1295 4186 deo
1317 4125 1428 4203 gloria.

504 4225 607 4283 Codex
629 4230 678 4286 hic
701 4239 788 4288 antea
810 4235 957 4305 adligatus
981 4241 1043 4290 erat
1064 4235 1139 4290 libro
1167 4235 1215 4291 12.
1238 4231 1271 4290 B.
1297 4233 1347 4288 92.

508 4411 609 4493 1319
980 4419 1064 4495 VII.
1093 4420 1135 4495 E.
1168 4419 1230 4492 29.

400 4551 509 4614 chart.
533 4569 566 4613 a.
589 4553 679 4616 1539
691 4554 740 4635 sſs
764 4558 818 4634 31,
839 4559 1050 4622 20·5><15·5
1070 4577 1132 4621 cm.
1157 4559 1175 4621 i
1202 4577 1246 4621 tn.

398 4671 554 4752 Sphaera
574 4671 748 4742 iohannis
771 4683 813 4745 de
835 4681 1050 4745 Sacrobosco
1074 4681 1110 4742 in
1132 4679 1378 4758 compendium
1393 4677 1538 4756 digesta.
1554 4675 1660 4738 Anno
1676 4673 1802 4738 salutis

921 4775 1042 4832 nostre
1067 4765 1282 4830 MDXXXIX.

502 4899 672 4956 Secundum
707 4905 792 4954 notas
824 4896 895 4952 folio
930 4895 1088 4965 praeligato
1123 4893 1279 4963 inscriptas
1314 4892 1410 4946 codex
1442 4891 1491 4946 hic
1525 4905 1586 4943 una
1616 4903 1685 4944 cum
1720 4888 1803 4943 libris

398 4985 549 5058 impressis
573 4988 642 5044 olim
666 4985 802 5057 adligatis
826 4983 935 5056 (Lucae
959 4979 1077 5037 Gaurici
1100 4979 1253 5035 'l'ractatus
1277 4977 1454 5048 astrologiae
1469 4975 1651 5043 iudiciariae,
1672 4973 1801 5031 Norimb.

1076 5200 1127 5250 506
