3830 5966
833 594 914 657 1280

277 799 297 860 i.
320 797 482 861 92-1601‘
503 800 692 864 Sermones
715 804 758 864 de
779 808 938 880 tempore
960 805 1063 877 (initio
1087 807 1249 877 carentes)
1267 805 1299 859 ><
1320 802 1397 863 »Per
1414 806 1571 867 circulum

166 891 245 947 anni
270 903 442 948 sermones
472 889 651 967 expliciunt
683 894 808 950 sensati
831 889 886 950 ier.
910 887 940 947 V
963 894 1039 950 ante
1062 888 1181 950 festum
1207 905 1232 949 s
1257 887 1358 950 Marte
1381 888 1491 969 Magd.
1516 910 1574 971 per

167 989 288 1035 manus
326 973 469 1035 Fridrici
502 974 744 1037 Rodrnestaler
777 981 809 1037 in
841 982 949 1038 castro
989 974 1243 1037 Ratzmansdori
1271 992 1370 1054 prope
1400 975 1571 1041 Vilshoien

165 1059 443 1207 Patauqdioces„
474 1067 506 1123 et
536 1061 616 1123 finiti
648 1067 727 1124 sunt
755 1063 873 1124 ibidem
904 1063 960 1124 ier.
992 1061 1035 1122 lV
1067 1069 1142 1123 ante
1173 1062 1294 1124 festum
1318 1067 1440 1126 nativit.
1470 1064 1571 1128 Marie

166 1163 197 1214 a,
223 1146 284 1208 143
311 1172 337 1208 ‹.

276 1233 296 1294 i.
327 1233 528 1296 161⁸-1622
563 1232 679 1297 Sermo
715 1235 755 1298 de
789 1235 840 1296 die
872 1236 1037 1298 dominica
1068 1241 1100 1296 et
1129 1241 1208 1296 nota
1239 1236 1279 1296 de
1310 1239 1571 1300 reconciliatione

164 1324 367 1382 iniuriarum.

277 1407 297 1468 i.
326 1405 682 1470 163⁰—191·Nicoiai
713 1407 755 1470 de
785 1408 1015 1486 uiniretspuei
1043 1406 1226 1486 Expositio
1256 1408 1421 1488 decalogi.
1460 1409 1572 1473 »Circa

165 1497 333 1554 materiam
370 1493 400 1554 X
435 1501 680 1574 preceptorum«
708 1496 741 1554 ><
767 1495 826 1556 »Et
857 1500 905 1556 sic
936 1502 986 1556 est
1020 1494 1095 1556 finis
1126 1495 1243 1555 horum
1275 1496 1483 1558 collectorum
1514 1517 1572 1578 per

164 1597 276 1642 vener.
308 1578 344 1642 N.
379 1580 419 1642 de
450 1579 706 1660 Tinclrelspiihel
730 1629 736 1642 .
762 1628 770 1646 .
794 1627 802 1642 .
825 1581 917 1644 finita
947 1599 1004 1660 per
1034 1581 1227 1643 Fridricum
1257 1582 1500 1646 Rodmestaler
1530 1586 1570 1647 de

164 1663 395 1729 Stattlrranach
420 1667 621 1747 Babenberg.
646 1670 780 1748 dyoces
806 1673 883 1731 tunc
907 1673 1063 1747 temporis
1087 1670 1290 1746 capellanum
1315 1674 1436 1731 strenui
1460 1677 1492 1732 et
1513 1690 1571 1734 no·

164 1755 237 1815 bilis
271 1756 378 1816 militis
413 1753 521 1816 Georii
553 1756 594 1816 de
624 1755 844 1833 Frawenberg
872 1760 904 1816 in
935 1753 1010 1834 Hag
1033 1765 1109 1816 tunc
1134 1755 1329 1817 residentem
1353 1762 1450 1818 castri
1474 1757 1570 1820 Ratz-

164 1841 339 1902 mansdori
361 1841 467 1902 Patav.
493 1843 588 1922 dyoc.
613 1860 641 1903 a.
666 1841 944 1921 (14)38rnvrgi1.
969 1846 1209 1920 pentecostes«

269 1945 289 2006 i.
318 1941 518 2007 lilii-205b
542 1946 656 2025 (anep.)
678 1945 861 2023 Expositio
892 1945 1062 2007 orationis
1096 1944 1301 2008 dominicae.
1338 1946 1417 2008 »Pro
1447 1950 1569 2010 meliori

163 2031 408 2093 declaracione‹
436 2030 464 2094 ><
495 2031 554 2093 »Et
577 2037 625 2094 sic
648 2037 699 2093 est
721 2033 797 2094 finis
821 2034 920 2093 huius
944 2035 1125 2111 opusculi«

268 2135 288 2198 i.
313 2135 517 2198 mgr-2142
546 2134 745 2198 »Tractatus
777 2138 820 2199 de
853 2141 988 2215 septem
1019 2135 1123 2198 viciis
1145 2135 1351 2213 capitalibus
1375 2141 1410 2198 et
1432 2144 1569 2216 septem

162 2221 354 2284 virtutibus
378 2221 446 2284 sibi
470 2222 685 2285 contrariis.
720 2222 828 2284 »Misit
857 2240 914 2285 rex
945 2222 1024 2286 Saul
1046 2227 1264 2302 apparitores«
1291 2225 1324 2282 ><
1351 2223 1410 2285 »Et
1442 2229 1489 2287 sic
1520 2232 1570 2288 est

162 2310 240 2372 linis
262 2309 360 2370 huius
385 2311 542 2371 tractatuli
567 2309 607 2370 de
631 2315 776 2389 septem«
804 2316 863 2372 etc.
890 2317 926 2372 ut
949 2327 1058 2389 supra.

267 2413 287 2474 i.
311 2409 518 2476 2142-22012
540 2412 644 2476 Notae
667 2417 776 2475 variae
801 2416 1003 2492 theologicae
1027 2419 1059 2474 et
1082 2429 1254 2474 sermones
1277 2416 1411 2495 aliquot.

271 2618 362 2701 1279
719 2618 799 2696 VII.
827 2622 876 2696 D.
905 2621 967 2696 13.

161 2763 325 2826 charta.
349 2763 435 2825 1413
445 2761 492 2843 ff.
516 2761 591 2836 284,
612 2760 657 2823 30
672 2761 759 2823 ><22
782 2779 845 2825 cm.
868 2764 887 2825 1
913 2781 956 2825 m.

160 2883 417 2948 Bartholomaei
430 2886 472 2946 de
485 2883 519 2946 S.
532 2883 727 2946 Concordio
741 2882 886 2945 Summa
897 2885 939 2946 de
953 2885 1092 2946 casibus
1104 2885 1339 2948 conscientiae
1353 2885 1409 2964 (z
1423 2885 1568 2947 Summa

793 2968 944 3051 Pisana).

266 3093 285 3155 i.
315 3094 350 3153 1⁸
382 3091 574 3171 »Quoniam
610 3098 646 3152 ut
678 3094 722 3152 ait
752 3092 781 3152 b.
814 3091 1001 3170 Gregorius,
1033 3094 1156 3153 nullum
1187 3096 1401 3171 omnipotenti
1425 3093 1506 3154 deo«
1533 3095 1566 3149 ><

170 3179 189 3242 i.
215 3176 295 3240 279b
322 3179 477 3258 »Explicit
499 3196 631 3239 summa
661 3179 701 3239 de
725 3179 858 3239 casibus
882 3183 1098 3240 consciencie.
1122 3177 1397 3241 Consummatum
1421 3178 1480 3239 luit
1502 3180 1566 3240 hoc

160 3283 278 3345 opus.
304 3317 309 3330 .
336 3314 343 3328 .
379 3265 461 3327 1338
485 3265 514 3326 7.
547 3266 597 3326 die
621 3263 700 3326 Dec.
726 3312 732 3325 .
759 3312 764 3324 .
792 3315 797 3326 .
830 3269 1031 3344 compositor
1060 3267 1138 3326 obiit
1164 3263 1244 3326 1347
1268 3265 1297 3326 2.
1323 3266 1373 3326 die
1397 3265 1468 3326 Julii
1494 3313 1500 3326 .
1527 3316 1532 3327 .
1560 3317 1563 3323 ,

160 3353 285 3415 Finitus
317 3371 396 3414 vero
428 3359 480 3413 est
510 3357 571 3412 iste
596 3353 674 3413 liber
704 3368 762 3430 per
784 3369 836 3412 me
859 3350 1058 3414 iohannem
1086 3350 1258 3413 Julbeltch
1288 3357 1320 3413 in
1345 3351 1396 3412 die
1420 3369 1447 3412 S.
1471 3353 1567 3413 Anne

159 3459 188 3502 a.
215 3442 246 3501 d.
273 3439 385 3501 tiis«

266 3525 287 3589 i.
311 3522 518 3588 2802-282t
540 3521 669 3586 Tabula
691 3541 808 3586 rerum.

265 3613 286 3674 i.
310 3610 516 3675 232s,233s
540 3611 712 3690 Expositio
736 3612 1003 3674 breviaturarum.

264 3698 285 3760 i.
322 3697 527 3762 usai-284²
560 3697 768 3776 Aenigmata
800 3697 1126 3777 latino-germanica
1165 3697 1567 3776 (Lateinisch-deutsche

159 3786 396 3936 Μεῖὓρὃιμ
418 3870 589 3933 Vocabula
611 3875 904 3950 consanguinitatis
927 3871 1237 3950 latino-germanica·

264 3979 416 4052 Operculls
440 3980 568 4050 adligata
601 3982 646 4034 est
685 3979 802 4035 »oracio
825 3980 861 4035 de
886 3981 913 4035 b.
936 3979 1058 4050 virgine,
1099 3994 1187 4050 quam
1210 3980 1376 4050 quicunque
1394 3977 1433 4034 30
1457 3977 1566 4034 diebus

159 4067 294 4135 oraverit,
318 4083 370 4139 pro
394 4081 569 4137 quacunque
591 4081 621 4120 re
644 4067 766 4137 petierit,
789 4065 985 4137 proculdubio
1008 4065 1169 4123 obtinebit«
1193 4095 1237 4106 -
1258 4068 1288 4121 ln
1304 4066 1482 4121 membrana.
1507 4063 1566 4120 Co-

158 4157 255 4211 dicem
277 4154 357 4210 hunc
379 4168 490 4210 recens.
523 4152 652 4222 Schulte,
683 4151 797 4209 Canon.
829 4153 940 4209 Hdsolr.
964 4169 992 4224 p.
1018 4153 1067 4210 39.
1092 4151 1136 4207 Ex
1159 4151 1229 4208 bibl.
1253 4151 1433 4208 Trebonensi
1456 4166 1565 4207 canon.

159 4241 251 4314 regul.
276 4257 300 4297 s.
325 4241 451 4311 August.

266 4390 362 4473 l28⁰
710 4389 794 4466 VII.
823 4389 871 4466 D.
895 4389 955 4465 14.

158 4533 267 4596 chart.
290 4549 377 4594 saec.
401 4531 470 4595 XV
481 4531 530 4612 fs.
553 4532 629 4607 199,
650 4531 794 4595 29><22
817 4549 879 4594 cm.
902 4531 921 4592 1
946 4548 992 4592 m.

161 4652 283 4715 »Liber
310 4655 563 4733 excepcionum
597 4654 821 4717 collectarum
855 4653 897 4714 de
928 4651 1079 4714 diversis
1108 4649 1313 4713 tractatibus
1344 4652 1376 4712 b.
1399 4650 1567 4712 Bernardi

158 4739 461 4804 clarevallensis«
508 4740 616 4820 (Opus
639 4743 702 4802 hoc
726 4745 757 4802 in
782 4740 897 4801 decem
919 4740 1019 4801 libros
1043 4738 1230 4799 distinctum
1247 4739 1309 4799 sub
1325 4738 1416 4800 titulo
1436 4737 1565 4798 »Floras

157 4845 184 4890 s.
211 4825 385 4889 Remardi«
411 4829 554 4890 attribuit
576 4826 672 4902 liubi,
705 4826 788 4889 Cod.
812 4824 993 4888 Scotenses
1017 4843 1047 4904 p.
1076 4823 1134 4886 156
1157 4822 1343 4887 Guilielmo
1367 4839 1396 4886 s.
1419 4822 1566 4887 Martini

155 4913 392 4977 Tornacensis
417 4913 615 4994 monacho.)

262 5001 282 5062 i.
311 5003 344 5064 1ι
371 5001 503 5081 »Incipit
525 5003 690 5081 prologus
726 4998 811 5062 Cum
834 5015 901 5060 non
925 5015 1035 5060 essem
1059 4999 1152 5059 alicui
1175 5001 1355 5060 exercicio«
1381 4996 1458 5058 ><1.
1485 4995 1563 5058 199·

162 5091 213 5150 »in
238 5091 435 5150 necessitate
458 5092 637 5150 nescimus.
661 5086 734 5148 Deo
757 5090 884 5166 gracias
907 5085 1043 5147 Amen«

833 5309 885 5360 403
