3820 5960
1090 593 1152 656 797

524 801 604 882 797
877 799 914 874 V.
942 801 989 876 A.
1017 802 1052 876 6.
1081 816 1126 884 (Y.
1158 817 1209 869 111.
1226 817 1251 868 2.
1269 833 1295 868 n.
1314 817 1350 882 a.)

418 943 525 1005 chart.
549 957 637 1004 saec.
661 937 748 1002 XIV
763 939 804 1022 ff.
827 939 872 1004 80
892 957 999 1014 aum„
1020 939 1159 1002 30><21
1185 957 1248 1002 cm.
1272 941 1291 1002 l
1315 957 1361 1001 m.

417 1062 654 1126 Formularius
679 1061 906 1124 dictaminum
939 1062 998 1140 qui
1032 1061 1160 1124 dicitur
1192 1060 1384 1125 bifurcatus
1423 1059 1512 1123 alias
1546 1060 1816 1139 quadripartitus

418 1149 603 1228 bipartitus
625 1148 800 1212 Johannis
824 1148 1016 1221 cuiusdam,
1050 1148 1235 1210 continens
1270 1149 1439 1228 epistolas
1474 1147 1598 1210 civiles
1631 1147 1816 1210 Silesiacas

988 1240 1023 1298 et
1039 1235 1247 1297 Moravicas.

524 1321 546 1384 i.
574 1323 609 1384 1²
631 1325 801 1397 (Inscriptio
831 1327 980 1382 rubricata
1010 1326 1159 1382 excisione
1189 1324 1353 1392 mutilata:)
1402 1321 1533 1400 »Incipit
1551 1367 1558 1382 .
1579 1372 1586 1383 .
1606 1367 1613 1380 .
1632 1319 1814 1401 (prologus)

417 1414 449 1471 in
472 1411 628 1489 epistolas
652 1413 721 1470 sive
745 1409 887 1469 literulas
910 1409 1020 1470 civiles
1043 1408 1203 1471 Johannis
1224 1458 1230 1470 .
1251 1455 1257 1470 .
1278 1455 1285 1468 .
1305 1407 1456 1470 biiurlato
1488 1409 1562 1485 (sic)
1587 1424 1648 1468 seu
1671 1410 1815 1488 bipartito

418 1499 490 1558 stilo
513 1501 545 1558 in
569 1497 752 1574 aliquantis,
776 1495 830 1556 ubi
856 1511 940 1572 opus
964 1493 1059 1556 fuerit
1082 1497 1204 1556 scilicet
1225 1512 1265 1556 ve
1286 1543 1293 1556 .
1313 1541 1319 1554 .
1342 1499 1437 1569 .(teri
1461 1495 1506 1573 et)
1530 1495 1700 1569 moderna,
1733 1497 1816 1557 brevi

418 1599 568 1646 necnon
592 1583 700 1642 laciori
725 1587 786 1644 etc.
810 1581 1014 1642 fabricatas«

524 1667 545 1731 i.
570 1664 732 1730 77¹³-80b
756 1667 927 1729 Formulae
950 1669 1073 1748 aliquot
1095 1670 1248 1729 manibus
1272 1669 1411 1729 diversis
1435 1668 1574 1730 additae.

525 1757 652 1815 Nomina
674 1759 792 1830 propria
815 1764 843 1813 et
867 1761 936 1814 anni
958 1765 1071 1829 praeter
1092 1759 1294 1814 additamenta
1316 1759 1389 1813 haec
1413 1759 1443 1813 in
1466 1757 1601 1814 formulis
1624 1763 1749 1815 omnino
1772 1762 1817 1814 de·

416 1847 597 1914 siderantur;
621 1848 673 1902 sed
698 1861 763 1901 cum
788 1846 917 1900 maxima
939 1861 1006 1916 pars
1030 1846 1220 1917 epistolarum
1243 1848 1279 1901 ad
1303 1859 1349 1901 res
1373 1845 1483 1900 civicas
1513 1853 1624 1916 spectet
1656 1852 1686 1901 et
1709 1850 1816 1916 passim

417 1933 525 1990 mentio
548 1933 600 1988 fiat
635 1933 738 1986 »ducis
760 1937 865 2001 terre«,
900 1931 1035 1988 collectio
1058 1932 1131 1986 haec
1154 1947 1190 1986 ex
1214 1932 1340 1987 archivis
1355 1932 1472 1986 urbium
1488 1929 1699 1988 Silesiacarum
1716 1934 1815 1988 deinde

417 2019 629 2076 Moravicarum
643 2023 785 2089 congesta
800 2033 865 2074 esse
876 2020 1000 2086 videtur,
1017 2021 1045 2073 id
1058 2019 1237 2089 quodetiam
1250 2018 1425 2074 confirmant
1437 2017 1549 2088 aliquot
1564 2020 1708 2090 epistolae
1721 2021 1752 2076 in
1763 2021 1814 2074 fine

418 2106 543 2176 additae,
567 2105 598 2160 in
621 2119 745 2176 quarum
768 2121 828 2160 una
851 2105 868 2160 l.
893 2105 949 2160 78·
971 2105 1098 2160 occurrit
1120 2105 1190 2160 urbs
1214 2101 1406 2175 Oppavia.1n
1429 2103 1522 2160 fronte
1546 2105 1563 2160 1.
1592 2106 1623 2160 1·
1645 2107 1694 2161 hic
1718 2107 1814 2162 titulus

417 2207 503 2248 manu
519 2191 671 2248 recentiori
686 2195 845 2263 inscriptus
861 2191 982 2262 legitur:
1009 2191 1226 2248 »Formularius
1248 2189 1503 2248 Krumloviensis«
1528 2191 1567 2262 (i)
1591 2192 1650 2248 Alii
1667 2196 1729 2249 duo
1746 2193 1816 2248 tituli

417 2287 487 2336 sunt
500 2282 531 2336 in
544 2279 699 2350 operculis,
712 2281 744 2334 in
756 2279 914 2350 superiori:
940 2278 1158 2334 »Formularius
1173 2279 1365 2334 dictaminum
1377 2278 1440 2332 sive
1456 2278 1682 2348 epistolarum«
1701 2281 1733 2334 in
1749 2279 1791 2334 ini
1806 2309 1816 2318 ·

417 2366 504 2422 riori:
545 2364 763 2420 »Formularius
786 2367 837 2436 qui
858 2365 966 2421 dicitur
987 2364 1149 2421 bifurcatus
1172 2365 1246 2420 alias
1277 2363 1511 2436 Quadripertitus
1535 2365 1729 2437 Bipartitus.«
1775 2365 1815 2420 Ex

415 2453 460 2508 his
484 2460 512 2508 et
534 2451 723 2522 inscriptione
746 2451 880 2508 mutilata
902 2459 1035 2509 nostrum
1059 2453 1256 2508 condidimus.
1280 2450 1323 2506 Ci.
1348 2451 1436 2507 etiam
1459 2450 1659 2508 Wattenbach
1683 2455 1714 2508 in
1742 2452 1817 2508 Perta

416 2541 527 2596 Archiv
549 2537 586 2605 X,
611 2539 684 2596 663.
708 2536 801 2594 Vetus
824 2541 899 2610 sign.
924 2537 959 2612 Q,
984 2537 1035 2594 44.

522 2705 602 2787 798
883 2707 927 2781 V.
954 2708 1001 2782 A.
1031 2707 1064 2782 7.
1084 2720 1193 2790 (2111.
1205 2722 1230 2775 2.
1250 2736 1276 2774 n.
1290 2723 1325 2784 a.)
1423 2799 1425 2802 ⁴

416 2848 525 2909 chart.
548 2863 636 2909 saec.
660 2843 748 2907 XIV
767 2847 896 2927 (partes
917 2847 1002 2909 1347
1026 2849 1056 2908 ct
1078 2845 1174 2920 1398,
1187 2844 1275 2926 finis
1288 2843 1445 2924 sortasse
1466 2863 1553 2908 saec.
1575 2843 1658 2926 XV)
1687 2846 1735 2929 ff.
1759 2847 1819 2909 212

416 2951 522 3010 num„
544 2935 623 2997 29><
634 2934 675 2995 21
700 2950 762 2995 cm.
787 2933 819 2998 d.
843 2951 888 2996 m.

525 3054 545 3118 1.
573 3049 711 3116 12-14b
734 3053 895 3133 (Honorii
917 3053 1261 3133 augustodunensis)
1284 3053 1503 3116 Elucidarius
1523 3055 1746 3117 diversarum
1768 3071 1816 3117 re·

416 3159 504 3204 rum.
532 3139 669 3220 »Sepius
693 3159 713 3201 a
736 3142 971 3222 condiscipulis
995 3147 1147 3220 rogatus«
1175 3143 1207 3198 ><
1235 3142 1342 3221 »quod
1366 3141 1510 3203 habeant
1533 3143 1656 3203 odium.
1681 3142 1754 3204 Jam
1771 3152 1818 3202 est

417 3229 491 3291 finis
514 3229 612 3289 huius
636 3230 816 3306 opusculi«

525 3315 546 3376 1.
575 3310 735 3376 141--18ι
756 3312 914 3393 (anepigr.)
936 3312 1118 3376 Tractatus
1141 3314 1184 3376 de
1200 3313 1393 3376 virtutibus
1416 3316 1613 3377 herbarum.
1642 3313 1721 3376 »Hic
1747 3320 1820 3377 inci·

418 3405 509 3480 piunt
547 3403 681 3462 virtutes
718 3401 892 3462 herbarum
929 3405 961 3462 et
993 3405 1097 3479 primo
1128 3401 1169 3461 de
1192 3403 1351 3480 galgano«
1379 3402 1419 3480 ><
1448 3402 1554 3463 »bibat
1587 3401 1712 3480 frigide.
1752 3401 1817 3464 Sub

417 3505 446 3549 a.
471 3488 502 3549 d.
529 3487 612 3550 1398
635 3493 711 3566 post
732 3493 883 3549 octavam
907 3487 1078 3566 epiphanie
1101 3485 1158 3550 fer.
1182 3487 1237 3549 ΙΙ.«

525 3574 546 3636 i.
576 3569 732 3636 ist—51¹³
754 3577 898 3650 (anepigr.
920 3578 1007 3634 titulo
1029 3579 1180 3634 rubricato
1204 3578 1299 3634 cultro
1322 3577 1440 3648 exciso)
1484 3571 1667 3636 Tractatus
1699 3574 1743 3637 de
1765 3593 1820 3636 na-

416 3666 495 3723 tura
517 3661 722 3722 animalium
744 3677 824 3722 cum
848 3659 1068 3739 expositione
1091 3661 1242 3740 mystica
1264 3666 1300 3722 et
1321 3660 1455 3722 morali.
1484 3659 1551 3721 »De
1568 3666 1693 3722 natun's
1713 3667 1817 3722 avium

416 3749 552 3809 libellus
577 3747 736 3809 Desiderii
760 3752 814 3822 tui,
845 3747 1027 3822 karissime,
1052 3748 1289 3826 peticionibus«
1317 3747 1817 3826 >«decalad1io)›de¹'eorum

417 3836 688 3896 convalescencia
712 3836 821 3896 nullus
848 3839 985 3912 speret«

524 3920 545 3984 1.
569 3917 913 3999 51b-542Hugonis
937 3919 995 3998 (de
1018 3917 1167 3999 Folieto)
1200 3919 1301 3982 Dicta
1324 3920 1367 3982 de
1389 3919 1544 3982 claustro
1567 3921 1717 3984 animae.
1754 3923 1821 3984 »ln-

417 4007 560 4069 troduxit
582 4024 639 4069 rex
663 4024 735 4069 mc«
765 4007 791 4068 ><
821 4005 934 4084 »Expl
958 4007 999 4067 de
1023 4009 1062 4070 cl.
1086 4023 1139 4067 an.
1163 4005 1315 4084 Hugonis
1339 4006 1456 4068 dicta«

525 4093 546 4154 1.
569 4089 732 4155 541-56δ
755 4091 858 4155 Liber
881 4095 923 4156 de
957 4096 1094 4172 septem
1127 4092 1254 4155 diaetis
1288 4092 1428 4156 animae
1462 4095 1620 4156 devotae.
1669 4093 1819 4174 »Septem

417 4185 495 4241 sunt
517 4180 601 4240 dieta
624 4185 731 4242 anime
756 4179 894 4241 devote«
918 4179 952 4239 ><
979 4183 1068 4241 »sine
1092 4196 1158 4259 quo
1182 4197 1248 4242 non
1274 4187 1383 4259 potest
1406 4197 1483 4241 esse
1506 4185 1707 4260 virginitas«

524 4266 545 4327 1.
570 4263 730 4328 561-59ι
754 4267 862 4344 (rubr.)
889 4264 1089 4328 »Tractatus
1112 4265 1279 4329 Methodii
1304 4268 1346 4329 de
1370 4266 1529 4329 articulis
1552 4265 1652 4329 fidei«
1678 4269 1752 4348 (est
1772 4285 1821 4330 rc·

417 4369 501 4414 vera
521 4357 692 4415 tractatus
716 4355 758 4416 de
780 4353 946 4416 membris
970 4359 1005 4416 et
1028 4351 1224 4416 actionibus
1241 4353 1298 4415 dei
1314 4353 1544 4432 spiritualiter
1558 4353 1819 4434 intelligendis).

419 4437 633 4518 »Ubicunque
657 4457 753 4502 sacra
775 4443 951 4518 scriptura«
980 4439 1020 4518 ><
1048 4439 1277 4501 »manifestum
1301 4441 1556 4502 demonstrare«

524 4526 545 4588 1.
569 4522 754 4589 602—1031’
785 4525 839 4588 Fr.
861 4525 1035 4589 iohannis
1059 4528 1101 4589 de
1125 4525 1293 4589 Olomucz
1308 4525 1561 4590 Distinctiones
1582 4529 1823 4592 concordanti-

416 4628 516 4674 arum
553 4615 747 4676 secundum
781 4612 940 4675 ordinem
974 4613 1232 4690 alphabeticum
1266 4613 1399 4676 crebris
1430 4613 1524 4676 notis
1563 4614 1822 4693 marginalibus.

418 4699 670 4778 »Apostolomm
694 4700 835 4779 dignitas
859 4700 1104 4762 manifestatur«
1131 4702 1169 4777 ><
1193 4701 1249 4774 (de
1273 4702 1360 4777 zelo)
1385 4705 1562 4762 »maiorem
1599 4703 1662 4762 hac
1699 4703 1822 4764 dilecci-

416 4803 512 4846 onem
537 4804 635 4849 nemo
658 4787 766 4848 habet.
790 4787 829 4848 A.
854 4787 886 4850 d.
912 4783 994 4849 1347
1018 4791 1050 4848 in
1074 4788 1125 4848 die
1150 4803 1177 4848 s.
1202 4787 1343 4848 Barbare
1365 4791 1444 4866 virg.
1477 4787 1566 4850 finite
1591 4793 1670 4849 sunt
1694 4791 1824 4850 distinc-

416 4876 528 4934 ciones
566 4877 627 4936 iste
661 4873 767 4935 fratris
800 4873 963 4936 iohannis
998 4874 1039 4935 de
1075 4873 1236 4936 Olomuez
1272 4879 1391 4954 scripte
1428 4891 1486 4953 pro
1519 4874 1657 4936 domino
1681 4874 1819 4937 Blasio«

415 4955 523 5038 (Opus
546 4963 652 5022 hoca
676 4959 947 5022 Distinctionibus
972 4960 1008 5022 ir.
1032 4959 1178 5022 Mauricii
1201 4959 1243 5020 IV
1275 4959 1310 5021 B.
1341 4960 1377 5023 13
1409 4964 1545 5022 omnino
1570 4962 1742 5025 diversum
1765 4972 1824 5025 est
1893 5005 1894 5008 κ

418 5046 506 5125 quod
531 5052 639 5109 tamen
663 5053 761 5126 negat
783 5045 940 5108 Balbinus
968 5047 1003 5108 B.
1029 5048 1060 5109 d.
1084 5046 1132 5120 ΙΙΙ,
1161 5046 1250 5120 110),

1099 5269 1151 5322 324
