3830 5966
1048 581 1122 644 1241

494 801 515 862 1.
544 799 619 860 135ιι
642 816 719 856 saec.
744 797 808 856 XV.
843 793 946 857 Notae
977 800 1078 858 cultro
1110 802 1286 859 truncatae.
1317 793 1421 856 Notae
1461 793 1627 870 »Angelus
1661 787 1704 847 ad
1730 784 1775 847 Sil

387 895 527 951 vestrem
551 891 582 948 in
606 900 747 964 persona
770 881 907 944 Christi«
933 889 1205 962 superscriptum:
1234 882 1338 960 »Mag
1363 880 1513 942 Andreas
1530 879 1571 938 de
1588 875 1698 937 Broda
1713 889 1785 952 pro-

389 978 499 1040 fessor
522 990 614 1034 sacre
637 973 798 1047 theologie
822 973 944 1031 invenlt
966 975 997 1031 in
1022 975 1163 1049 antiquis
1187 972 1304 1032 libris«

498 1061 518 1122 i.
548 1057 748 1122 1361--169ει
771 1061 929 1132 (aneplgr.)
962 1057 1104 1119 Henrici
1137 1057 1179 1118 de
1213 1055 1382 1118 Frimaria
1414 1050 1598 1130 Expositio
1623 1044 1789 1122 decalogi

392 1150 496 1211 »Audi
519 1147 617 1210 Israel
641 1150 793 1224 precepta
815 1145 959 1206 domini«
993 1157 1014 1198 r<
1044 1150 1099 1205 »ut
1123 1146 1272 1205 scribitur
1294 1142 1475 1202 iudicum«

499 1235 519 1296 l.
550 1229 751 1294 rear-170⁸
774 1229 952 1292 Sermones
976 1229 1016 1291 de
1041 1249 1066 1292 a.
1091 1229 1213 1292 Ursula
1236 1236 1268 1291 et
1291 1229 1467 1290 Elisabeth.

500 1322 520 1382 s.
549 1315 750 1381 lira-mab
774 1321 932 1393 (anepigr.)
956 1317 1143 1379 Sermones
1169 1317 1309 1380 diversi.

494 1425 638 1499 Operculo
663 1438 759 1494 super.
784 1424 997 1494 adglutinatum
1020 1431 1065 1480 est
1087 1423 1279 1494 fragmentum
1297 1423 1454 1477 membran.
1481 1416 1666 1489 syngraphae
1682 1429 1794 1483 germa-

391 1519 475 1572 nicae
506 1529 583 1570 saec.
614 1509 681 1566 XIV
712 1508 913 1580 (Schuldbriel
939 1524 997 1564 von
1031 1509 1196 1565 »Dorothea
1219 1509 1496 1578 Hantschustarynn
1520 1519 1579 1560 von
1602 1501 1726 1557 Passaw
1748 1502 1793 1554 die

393 1602 466 1659 czeit
488 1614 638 1673 pryorynn
661 1611 693 1652 ze
716 1595 902 1668 Mynnpach·
931 1599 1024 1651 einem
1048 1595 1142 1652 Juden
1167 1597 1359 1668 ausgestelll).

498 1802 582 1883 1241
969 1797 1048 1873 VII.
1076 1799 1120 1874 B.
1153 1800 1209 1874 15.

395 1945 583 2007 menzbran.
606 1956 693 2003 socc.
717 1935 786 2000 XV
796 1938 844 2019 ss.
875 1939 949 2013 101,
970 1938 1113 2002 29><23
1136 1940 1240 2002 cm.1
1271 1957 1314 2000 m.

786 2077 990 2141 Pontificale
1014 2095 1131 2140 carens
1154 2083 1243 2179 initio
1266 2086 1298 2141 et
1320 2078 1395 2140 tine.

498 2206 642 2278 Operculo
672 2221 768 2277 super.
800 2207 1014 2276 adglutinatum
1046 2211 1089 2260 est
1120 2203 1312 2274 fragmentum
1345 2207 1463 2264 membr.
1496 2209 1608 2263 codicis
1642 2211 1798 2266 cuiusdam

395 2295 531 2352 hebraici.

501 2461 599 2542 1242
976 2459 1059 2534 VII.
1088 2459 1132 2534 B.
1164 2460 1225 2534 16.

397 2602 504 2664 chart.
526 2618 614 2663 saec.
636 2599 692 2662 XI
695 2599 799 2662 V—-X
803 2599 832 2660 V
841 2597 890 2678 ff.
914 2599 987 2673 190,
1010 2599 1053 2661 29
1066 2600 1153 2661 ><22
1168 2617 1231 2662 cm.
1247 2600 1277 2661 d.
1298 2619 1342 2662 m.

876 2722 1064 2784 Sermones
1089 2723 1130 2784 de
1153 2727 1320 2800 tempore.

442 2879 447 2884 -
508 2846 528 2907 i.
559 2847 588 2907 l·
613 2843 734 2906 »Erunt
757 2849 850 2922 signa
880 2847 912 2905 in
936 2845 1005 2904 sole
1026 2892 1032 2905 .
1052 2893 1058 2905 .
1080 2891 1087 2904 .
1107 2842 1267 2922 QuamviS
1298 2843 1397 2904 Jesus
1421 2841 1591 2906 Christus«
1619 2849 1652 2902 ><
1678 2848 1698 2909 f.
1728 2844 1802 2908 rabi

403 2937 454 2993 »et
476 2933 648 2994 consitium
672 2949 693 2993 a
715 2932 917 3010 sapientibus
940 2947 1095 3010 querere«
1122 2929 1211 3005 (finis
1235 2932 1351 3004 deest).

507 3137 606 3218 1243
969 3137 1046 3212 VII.
1075 3137 1120 3212 B.
1146 3137 1208 3212 17.

405 3278 593 3341 membran.
615 3295 700 3341 saec.
723 3275 927 3340 XII-XIII
945 3281 975 3338 et
997 3275 1083 3338 XIV
1092 3275 1142 3356 ss.
1165 3277 1239 3354 260,
1263 3278 1410 3356 28)(21
1440 3296 1501 3340 cm.
1524 3278 1546 3339 2
1570 3297 1614 3340 m.

569 3417 714 3480 Missale
736 3416 772 3478 in
794 3434 898 3478 usum
921 3417 1130 3479 monasterii
1154 3418 1187 3479 S.
1212 3415 1371 3480 Coronae
1394 3419 1638 3496 compositum.

505 3541 656 3598 Veluslior
677 3557 744 3614 pars
767 3542 833 3598 libri
849 3543 1065 3613 (lectionarium
1081 3549 1109 3599 et
1124 3543 1323 3614 collectarius)
1340 3549 1459 3598 exarata
1474 3549 1519 3597 est
1534 3557 1612 3599 saec.
1629 3539 1802 3616 XII-XHI,

403 3633 554 3698 recentior,
578 3629 733 3685 continens
764 3629 906 3700 imprimis
938 3645 1081 3686 canonem
1105 3629 1223 3700 missae,
1247 3631 1357 3685 inserta
1380 3637 1424 3684 est
1446 3645 1524 3684 saec.
1549 3627 1627 3687 XIV.
1662 3629 1697 3684 In
1720 3646 1804 3700 oper-

405 3717 473 3773 culo
497 3731 592 3788 super.
616 3715 792 3772 Intrinsecus
815 3717 939 3771 ocounit
964 3721 1034 3771 nota
1057 3717 1149 3771 cultro
1173 3716 1257 3771 valde
1281 3717 1415 3771 mutilata
1435 3722 1574 3786 spectans
1597 3719 1634 3772 ad
1657 3733 1686 3772 a.
1714 3717 1802 3780 1403,

404 3805 612 3859 monasterium
636 3801 665 3858 S.
690 3801 822 3858 Coronae
846 3809 874 3858 et
891 3803 1123 3858 aedificationem
1140 3802 1267 3874 capellae
1291 3805 1322 3857 in
1340 3802 1506 3858 Cwalenicz
1522 3799 1603 3876 (sic).
1621 3801 1664 3858 Ex
1678 3801 1798 3858 monast.

404 3889 433 3949 S.
459 3887 601 3946 Coronae.

510 4037 610 4119 1244
996 4038 1082 4114 VII.
1112 4037 1149 4114 C.
1175 4039 1208 4114 Ι.

407 4181 521 4242 chart.
538 4197 624 4242 saec.
648 4177 718 4240 XV
728 4179 775 4261 ff.
798 4180 874 4254 396,
896 4179 939 4242 29
953 4181 984 4236 ><
999 4179 1038 4240 21
1066 4195 1127 4240 cm.
1152 4181 1170 4241 I
1195 4197 1240 4240 m.

484 4299 626 4362 Missale
650 4301 841 4362 secundum
865 4299 1037 4362 rubricam
1060 4299 1271 4378 Pragensem
1296 4301 1509 4378 praecedente
1533 4300 1725 4362 calendario.

510 4425 543 4481 In
567 4427 661 4482 fronte
684 4425 704 4483 t.
731 4427 764 4480 1²
787 4425 860 4481 haec
883 4431 953 4481 nota
976 4431 1036 4483 est:
1063 4425 1167 4480 »Liber
1190 4425 1331 4481 ecclesiae
1356 4423 1540 4480 Krernsensis
1568 4425 1681 4484 1682«.

516 4629 612 4711 1245
1016 4628 1100 4704 VII.
1130 4627 1165 4704 C.
1192 4629 1227 4702 2.

410 4769 537 4832 mixtus
556 4787 644 4832 saec.
666 4767 735 4831 XV
745 4767 794 4848 fs.
817 4769 893 4844 570,
914 4769 992 4831 296
1004 4767 1031 4830 ><
1045 4768 1085 4831 21
1112 4786 1174 4830 cna.
1198 4767 1230 4829 d.
1260 4785 1302 4829 m.
1338 4785 1416 4828 cunr
1440 4767 1511 4831 inii.
1529 4769 1607 4848 pict.

567 4891 677 4954 Biblia
699 4890 837 4953 Veteris
862 4899 897 4953 et
919 4890 1010 4953 Novi
1033 4890 1246 4953 Testamenti
1270 4907 1386 4951 carens
1409 4893 1498 4951 inItio
1522 4896 1554 4949 et
1577 4889 1652 4951 line.

512 5016 559 5071 Ad
583 5017 692 5071 calcem
716 5016 734 5072 f.
764 5016 796 5073 la
820 5021 990 5070 annotatum
1007 5021 1051 5070 est
1067 5031 1156 5071 manu
1180 5031 1258 5071 saec.
1283 5013 1394 5069 XVIII:
1422 5013 1485 5068 »Ex
1508 5013 1591 5068 libris
1614 5013 1802 5070 bibliothecae

412 5103 610 5160 Carloviensis
633 5099 819 5173 Neo-Pragae
843 5117 908 5158 can.
934 5102 1023 5171 regul.
1047 5102 1160 5160 Larem

1085 5323 1135 5372 482
