3844 5968
1072 563 1130 624 291

397 772 502 846 rium,
526 771 713 850 Speculum
736 771 884 833 animae.
915 770 1076 850 »Sapienti
1100 789 1139 833 ac
1163 771 1261 832 nobili
1285 776 1370 831 viro·
1399 772 1432 828 ><
1460 772 1541 832 »hoc
1565 774 1708 830 caritatis
1724 787 1808 830 con-

400 863 555 937 scriptum
580 875 740 937 opus...
765 857 904 937 Explicit
927 856 1107 936 Speculum
1132 863 1272 919 anime«.

503 963 524 1024 1.
548 963 710 1023 532-572
734 961 766 1024 S.
791 962 957 1025 Bemardi
980 962 1161 1025 Tractatus
1184 963 1227 1024 de
1250 963 1342 1025 bona
1370 961 1595 1024 conscientia

502 1068 523 1128 1.
548 1062 709 1127 572-641’
738 1066 1011 1145 »Exposiciones
1039 1068 1172 1128 alarum
1197 1070 1232 1128 et
1254 1082 1448 1144 pennarum
1471 1066 1513 1127 de
1537 1081 1601 1127 sex
1627 1066 1693 1126 alis
1716 1064 1804 1126 Che·

398 1154 587 1302 3113ἒὲ88.
611 1153 787 1294 Bernardi.
816 1153 940 1214 »Prima
963 1156 1015 1215 ala
1038 1159 1090 1215 est
1111 1154 1297 1215 confessio«
1325 1155 1357 1210 ><
1385 1158 1579 1231 »eternaque
1604 1152 1716 1214 truens
1749 1153 1806 1212 be-

503 1344 523 1406 l.
547 1341 709 1407 oth-81⁸
731 1344 949 1407 Tractatulus
973 1344 1015 1406 de
1038 1351 1173 1423 septem
1197 1343 1348 1420 peccatis
1364 1341 1570 1405 mortalibus
1597 1349 1807 1420 »excerptus

399 1431 441 1492 de
463 1431 561 1506 libro,
586 1431 646 1509 qui
667 1430 866 1495 intitulatur
887 1430 1012 1493 Diaeta
1034 1431 1180 1493 salutis«
1207 1431 1251 1510 (s.
1274 1430 1568 1504 Bonaventurae).

503 1536 522 1596 1.
547 1532 731 1597 Sil-123b
754 1534 842 1614 Mag.
865 1535 1048 1597 Albertani
1071 1535 1239 1597 causidici
1269 1534 1463 1596 Brixiensis
1491 1532 1595 1595 Liber
1617 1535 1659 1596 de
1683 1533 1805 1596 causis

398 1623 554 1684 mortis«
580 1623 719 1684 Presens
743 1640 827 1702 opus
851 1623 1004 1684 dividitur
1025 1627 1057 1684 in
1076 1623 1241 1702 spartes«
1269 1626 1301 1678 ><
1328 1628 1378 1682 »et
1401 1639 1521 1682 uxores
1546 1638 1661 1683 eorum
1691 1625 1795 1699 capti-

398 1725 460 1768 vos
485 1709 681 1770 duxerunt«

503 1812 523 1874 i.
553 1810 753 1876 12312-124·
778 1813 827 1875 De
851 1814 929 1875 iudo
957 1815 1138 1874 taxillorum
1161 1815 1213 1874 vel
1236 1829 1409 1874 scacorum
1434 1819 1638 1892 (excerptum
1663 1829 1706 1873 ex
1722 1819 1807 1874 trac·

398 1905 466 1961 tatu
490 1899 646 1979 Stephani
670 1899 820 1963 Chimere
834 1923 875 1956 =
889 1899 932 1960 M.
957 1899 1115 1980 Stephani
1140 1901 1181 1960 de
1205 1898 1367 1978 Colonia).

502 2004 523 2065 i.
551 2001 753 2066 1241-1341
778 2004 825 2084 (S.
850 2003 1055 2084 Augustini)
1079 2003 1233 2067 Libellus
1256 2004 1298 2065 de
1315 2003 1481 2066 conflictu
1496 2003 1662 2066 vitiorum
1681 2009 1718 2065 et
1733 2003 1804 2064 vir-

397 2095 522 2152 tutum.
549 2091 757 2169 »Apostoliea
780 2109 847 2153 vox
870 2094 991 2154 clamat
1013 2109 1071 2170 per
1106 2092 1238 2152 orbem«
1267 2093 1299 2148 ><
1324 2095 1558 2170 »cognovisset
1592 2092 1673 2152 alias
1712 2107 1805 2152 com-

397 2182 552 2239 misisset.
578 2178 716 2257 Explicit
740 2180 757 2239 1.
782 2179 822 2238 de
847 2177 1001 2260 contlav.
1026 2183 1058 2239 et
1080 2195 1131 2238 v.«

503 2281 523 2343 i.
552 2278 753 2343 1351-1631
777 2281 935 2360 Epistola
969 2282 1103 2344 datad.
1127 2282 1169 2344 h
1191 2281 1291 2343 verbi
1314 2281 1371 2343 dei
1400 2282 1607 2344 seminatori
1629 2281 1666 2343 iu
1687 2280 1802 2360 Praga

398 2368 456 2447 (de
478 2367 714 2432 inobedientia
737 2370 908 2432 adversus
931 2367 1109 2447 praelatos
1132 2376 1168 2430 et
1191 2367 1438 2430 communione
1469 2369 1535 2430 sub
1559 2374 1706 2446 utraque
1729 2385 1808 2447 spe-

399 2455 478 2534 cie).
502 2456 665 2529 (Eandem
688 2457 798 2518 datam
824 2456 854 2516 d.
879 2455 973 2517 Gallo
996 2475 1026 2516 v.
1051 2459 1083 2542 in
1107 2456 1179 2517 cod.
1206 2456 1226 2517 1.
1251 2453 1286 2516 Β.
1311 2455 1354 2516 29
1377 2453 1396 2516 1.
1426 2456 1474 2528 11,
1500 2455 1611 2516 datam
1635 2455 1806 2517 Jacobeilo

399 2543 439 2602 de
462 2541 548 2604 Misa
571 2543 654 2606 edid.
680 2541 792 2616 Hardt‚
816 2543 856 2604 cl.
881 2540 1019 2604 Vestnik
1044 2541 1152 2606 Ceske
1176 2543 1282 2604 Akad.
1308 2541 1342 2611 11,
1367 2541 1433 2615 63).

503 2663 522 2726 i.
552 2662 754 2726 1642-168b
777 2663 881 2726 Notae
904 2670 1013 2726 variae
1037 2673 1069 2726 et
1091 2670 1246 2744 excerpta
1269 2669 1404 2725 minora.

502 2785 522 2846 i.
551 2784 752 2848 1690'2--187b
777 2786 843 2866 (Fr.
869 2786 1052 2865 Torsonis)
1076 2786 1221 2848 Summa
1256 2785 1522 2847 haereticorum.
1574 2782 1809 2864 »Incipit'dis-

399 2877 545 2951 ceptacio
570 2873 721 2934 katholici
745 2878 777 2935 et
798 2875 940 2942 heretici,
966 2879 997 2934 et
1021 2874 1136 2934 dicitur
1159 2877 1228 2934 sive
1263 2873 1440 2934 intitulatur
1474 2871 1613 2934 Summa
1646 2875 1808 2935 heretico-

399 2976 490 3019 rum«
516 2959 693 3034 (adversus
717 2960 907 3035 Paterenos)
932 2963 964 3018 ><
990 2965 1086 3040 »quia
1109 2965 1217 3021 omnis
1241 2961 1403 3021 hereticus
1438 2967 1489 3020 est
1525 2965 1736 3021 scismaticus
1775 2966 1810 3021 et

399 3063 466 3107 non
489 3063 680 3108 econverso.
705 3047 746 3109 Et
769 3053 816 3109 sic
840 3053 891 3108 est
913 3047 998 3109 finis.
1023 3047 1163 3125 Explicit
1186 3045 1325 3108 Summa
1347 3047 1594 3107 hereticorum«
1634 3045 1695 3108 Ed.
1720 3046 1807 3107 hiar-

399 3128 472 3192 tene
503 3141 535 3195 et
565 3132 710 3202 Durand
741 3132 842 3196 Thes
875 3152 949 3196 nov.
981 3134 1019 3208 V,
1055 3133 1136 3194 1703
1168 3150 1217 3212 sq.
1251 3131 1299 3195 Ci.
1332 3131 1444 3211 Haupt
1474 3138 1505 3194 in
1530 3132 1641 3194 Ztsch.
1677 3133 1698 3196 i.
1735 3132 1807 3194 KG.

504 3324 524 3386 i.
553 3321 756 3387 1871--1901
778 3329 881 3398 (manu
904 3327 977 3399 alia)
999 3323 1114 3385 Variae
1138 3329 1234 3386 notae
1258 3323 1298 3384 de
1315 3329 1458 3402 peccatis
1474 3329 1508 3384 et
1522 3340 1636 3384 eorum
1651 3323 1810 3385 distincti-

401 3426 465 3471 one
487 3428 562 3473 cum
586 3415 708 3492 aliquot
730 3413 852 3490 glossis
878 3412 1059 3472 bohemicis
1083 3411 1352 3472 interlinearibus

505 3535 650 3607 Operculo
673 3539 814 3610 superiori
837 3539 1015 3594 intrinsecus
1039 3536 1255 3607 adglutinatum
1278 3541 1322 3590 est
1345 3535 1447 3590 lolium
1471 3537 1573 3603 chart„
1611 3536 1642 3590 in
1666 3551 1726 3606 quo
1751 3551 1808 3590 no-

400 3627 478 3678 tatae
501 3629 570 3678 sunt
597 3621 784 3680 »Novitates
807 3624 950 3680 nuncin
974 3621 1188 3680 constancia«
1213 3620 1302 3695 (ann.
1330 3620 1411 3677 1411
1436 3623 1468 3676 et
1493 3621 1589 3693 1418)
1620 3629 1649 3676 et
1686 3619 1804 3693 »Sigis-

401 3709 513 3764 mundi
535 3709 619 3781 regis
638 3710 857 3781 juramentum
880 3708 1020 3765 Martino
1043 3708 1072 3765 V
1094 3723 1195 3780 papae
1219 3708 1269 3767 25.
1289 3707 1357 3778 jan.
1379 3705 1460 3764 1418
1478 3709 1699 3778 praestitum«
1726 3707 1807 3779 Qua·

402 3812 466 3851 rum
490 3796 663 3866 novitatum,
686 3814 761 3869 quae
785 3797 879 3855 codici
903 3796 961 3852 iam
983 3796 1074 3868 ligato
1096 3799 1224 3851 insertae
1261 3803 1339 3863 sunt,
1369 3797 1512 3850 habentes
1544 3801 1689 3852 rationem
1710 3801 1740 3851 et
1761 3810 1805 3850 re·

402 3889 538 3954 putantes
562 3884 717 3956 epistolam
742 3884 882 3956 anonymi
906 3899 995 3954 supra
1023 3883 1197 3939 recensitam
1231 3889 1297 3938 ante
1332 3899 1359 3943 a,
1394 3881 1475 3938 1415
1510 3897 1569 3937 non
1605 3883 1804 3952 conscriptam

403 3985 469 4024 esse
492 3986 587 4026 annos
611 3971 722 4026 exarati
746 3972 857 4027 codicis
887 3968 1094 4025 1415-1417
1120 3969 1288 4030 statuimus.
1314 3967 1417 4040 Liplro
1441 3970 1598 4039 plebanus
1620 3969 1654 4023 in
1680 3967 1807 4024 Gisteb·

288 4064 290 4067 ’
403 4058 483 4127 nica,
506 4059 556 4128 qui
580 4057 609 4113 in
632 4059 734 4114 eodem
757 4057 828 4113 solio
851 4056 1034 4128 adglutinato
1065 4059 1161 4112 scriba
1193 4057 1305 4112 codicis
1329 4055 1505 4124 declaratur,
1535 4061 1580 4112 est
1617 4055 1809 4127 Hippolytus,

401 4144 454 4214 qui
477 4159 504 4202 a.
533 4143 613 4198 1399
638 4151 731 4201 rector
753 4143 896 4200 ecclesiae
920 4142 1143 4198 Jistebnieensis
1167 4145 1261 4199 evasit
1282 4142 1435 4212 (Conhrm.
1460 4140 1511 4212 Vl,
1539 4143 1601 4214 ¹0)·
1626 4141 1741 4198 Deinde
1757 4157 1808 4198 co-

404 4232 461 4285 dex
483 4230 662 4286 monasterio
686 4231 887 4288 Borovanensi
911 4231 1025 4300 obtigit.

508 4397 574 4479 291
1017 4397 1045 4472 I.
1075 4397 1120 4472 G.
1148 4397 1210 4472 15.

406 4539 512 4600 chart.
536 4555 624 4600 saec.
647 4537 845 4600 XIV-XV
858 4537 896 4618 ff.
921 4537 986 4600 132
1008 4556 1111 4607 urana,
1136 4539 1223 4599 22><
1238 4537 1283 4598 15
1302 4555 1364 4598 cm.
1389 4537 1407 4598 1
1432 4555 1476 4599 m.

508 4661 528 4721 1.
557 4659 675 4722 1—602
699 4663 857 4736 (anepigr.)
879 4658 1002 4722 Jacobi
1032 4659 1074 4720 de
1107 4659 1296 4721 Lausanna
1318 4657 1535 4721 Moralitates
1552 4659 1674 4721 ordine
1691 4659 1808 4736 alpha-

405 4747 520 4809 betico
542 4747 742 4825 dispositae.
771 4748 896 4808 »Abicit
918 4746 1063 4806 mundus
1088 4761 1267 4825 pauperes«
1301 4746 1335 4802 ><
1368 4750 1463 4826 »quia
1495 4763 1622 4824 pennas
1653 4750 1808 4806 virtutum

406 4851 472 4896 non
494 4834 625 4896 habent.
650 4833 835 4912 Expliciunt
858 4835 1056 4894 moralitates
1080 4850 1137 4911 per
1160 4849 1280 4893 manus
1314 4830 1448 4895 Johlini
1480 4831 1563 4894 dicti
1587 4831 1731 4910 stoprer
1751 4835 1810 4890 viri

405 4922 667 4982 reverendissimi
698 4924 820 4995 (cetera
852 4919 998 4981 radendo
1022 4919 1128 4980 deleta
1151 4923 1249 4993 sunt).

400 5029 407 5036 '
509 5026 529 5086 f.
554 5021 716 5086 bob—62⁸
739 5023 925 5104 Registrum
950 5027 1059 5102 open's
1083 5024 1319 5102 praecedentis,

1083 5245 1132 5296 128
