3820 5960
1078 504 1140 566 758

406 707 545 771 iohanni
568 708 678 772 Huss‹
706 713 739 770 ><
766 715 899 774 »iterum
934 719 1031 792 atque
1067 717 1180 773 iterum
1205 713 1268 774 deo
1291 716 1418 790 gracias
1442 715 1473 772 in
1497 718 1643 772 eternum
1668 710 1803 770 Amen«

407 794 585 873 (Epistulae
609 814 629 857 a
651 797 672 858 1.
696 794 815 859 92b-l
827 800 837 859 l
849 795 881 858 lb
905 797 1050 861 efficiunt
1072 805 1244 860 tractatum
1261 796 1417 878 Stephani
1434 798 1475 858 de
1493 796 1609 870 Dolon,
1626 800 1680 858 cui
1695 800 1806 858 inscri-

409 883 494 943 bitur
518 883 696 945 ›Anthus‹
723 885 774 946 ed.
800 884 874 958 Fen,
897 884 998 947 Thes.
1023 883 1073 956 IV,
1098 885 1128 958 2,
1151 883 1216 946 365
1240 890 1304 965 sq.)

513 989 545 1044 In
570 989 619 1048 sol.
644 992 735 1048 chart,
766 994 926 1063 praeligato
958 1007 1017 1048 non
1048 1008 1128 1049 num.
1165 994 1306 1048 occurrit:
1342 989 1402 1048 »M.
1433 989 1521 1047 Petri
1544 988 1671 1063 Angllci
1695 989 1806 1060 Payne

406 1073 554 1132 Notabile
587 1077 626 1132 de
659 1077 802 1134 trinitate
837 1078 1009 1135 increata«
1058 1077 1203 1150 Operculo
1233 1095 1330 1150 super.
1356 1078 1517 1148 adligatum
1541 1082 1586 1132 est
1613 1075 1805 1148 fragmentum

407 1164 567 1219 membran.
591 1166 702 1220 codicis
726 1164 882 1222 cuiusdam
905 1165 1033 1238 liturgici
1055 1181 1134 1222 saec.
1157 1163 1347 1221 XIII-XIV.
1371 1163 1464 1220 Vetus
1489 1167 1564 1236 sign.
1590 1163 1625 1232 D,
1651 1165 1680 1222 5.

510 1330 591 1412 758
851 1331 922 1408 IV.
955 1332 998 1410 G.
1024 1333 1087 1408 26.
1115 1348 1205 1414 (1.1.
1231 1349 1372 1412 r.u.ro.)

409 1469 517 1532 chart.
542 1489 574 1534 α.
597 1470 774 1534 1428-35
783 1471 831 1554 ff.
854 1472 929 1547 238,
951 1473 1129 1534 22><15·5
1148 1489 1210 1534 cm.
1234 1471 1266 1533 d.
1289 1489 1335 1534 m.

513 1592 534 1654 i.
562 1590 699 1655 lii-20b
722 1592 776 1656 Fr.
799 1593 934 1657 Nicolai
956 1593 998 1657 de
1020 1593 1114 1674 Lyra
1136 1593 1302 1674 Quaestio
1337 1594 1379 1655 de
1402 1591 1609 1671 probatione
1637 1607 1701 1669 per
1724 1591 1805 1653 scri-

405 1685 526 1756 pturas
548 1696 570 1741 a
590 1679 736 1742 ludaeis
759 1685 929 1759 receptas,
952 1682 1044 1760 quod
1066 1681 1274 1760 mysterium
1297 1679 1428 1742 Christi
1448 1677 1665 1758 praedictum
1687 1695 1711 1740 a
1733 1677 1806 1756 lege

406 1769 441 1827 et
463 1767 643 1844 prophetis
679 1767 727 1829 sit
760 1767 952 1846 impletum.
991 1767 1169 1848 »Queritun
1201 1773 1308 1829 utrum
1333 1784 1389 1845 per
1412 1770 1606 1845 scripturas«
1634 1765 1667 1821 ><
1694 1763 1803 1843 »Expl

406 1857 534 1930 questio
557 1857 632 1928 (etc.
657 1861 693 1916 ut
716 1853 828 1932 supra)
852 1855 1065 1916 determinata
1096 1853 1250 1934 Parysius
1274 1858 1305 1915 in
1329 1852 1482 1933 Quolibet
1504 1870 1525 1912 a
1547 1853 1583 1913 ir.
1607 1849 1743 1914 Nicoiao
1766 1851 1805 1910 de

405 1937 490 2018 Lyra
513 1941 582 2001 ord.
607 1943 702 2002 min«

513 2040 1004 2107 1201-441611921--198δ
1033 2042 1199 2106 Eiusdem
1229 2041 1457 2106 Probationes
1488 2047 1611 2105 contra
1639 2041 1803 2104 ludaeos.

408 2128 548 2190 »Potens
572 2135 614 2192 sit
644 2133 805 2192 exhortari
829 2135 861 2193 in
885 2133 1033 2193 doctrina
1056 2147 1168 2192 sacra«
1196 2133 1227 2188 ><
1255 2129 1365 2210 »Expl
1399 2130 1615 2208 probaciones
1634 2179 1642 2191 .
1662 2177 1668 2188 .
1688 2174 1698 2191 .
1716 2127 1803 2190 finite

405 2234 434 2277 a.
460 2216 489 2278 d.
517 2215 600 2278 1429
630 2221 663 2279 in
694 2216 844 2279 Hradecz
876 2235 975 2298 super
1004 2219 1159 2279 Albiam.·
1189 2214 1342 2296 Sequitur
1367 2220 1557 2294 »registrum
1580 2214 1752 2277 collectum
1774 2232 1803 2275 a.

410 2301 492 2363 1430
514 2305 653 2366 sabbato
677 2311 752 2366 ante
768 2309 1047 2383 septuagesimam
1063 2321 1120 2383 per
1135 2304 1301 2384 quendam
1318 2305 1477 2365 scolarem
1495 2301 1624 2364 Petrum
1640 2310 1804 2381 regentem

405 2394 544 2467 protunc
567 2392 676 2452 scolas
700 2395 731 2453 in
755 2390 906 2453 Hradecz
930 2408 1029 2470 super
1051 2391 1173 2452 Albia«

513 2493 535 2557 i.
558 2493 716 2555 ‹to-67·
740 2493 784 2556 Μ.
809 2493 975 2558 stanislai
997 2496 1040 2557 de
1061 2494 1218 2573 znoyma
1239 2493 1420 2556 Tractatus
1444 2493 1486 2556 de
1501 2509 1647 2571 corpore
1663 2489 1804 2554 Christi.

408 2577 542 2642 »Visum
567 2587 617 2642 est
647 2597 714 2642 non
738 2598 814 2642 esse
843 2582 971 2643 inutile·
999 2582 1031 2638 ><
1059 2581 1168 2660 ›Expl
1194 2585 1283 2642 tract.
1309 2581 1350 2640 de
1374 2596 1460 2660 corp.
1486 2577 1562 2642 Chr.
1587 2631 1593 2642 .
1620 2629 1626 2640 .
1653 2627 1659 2640 .
1684 2583 1805 2657 inquo

406 2667 520 2744 probat
551 2669 747 2729 materialem
780 2685 900 2746 panem
941 2684 1007 2730 non
1039 2685 1258 2728 remanere..
1313 2664 1461 2745 Scriptus
1491 2685 1520 2727 a.
1552 2667 1582 2728 d.
1609 2663 1692 2726 1428
1716 2671 1747 2726 et
1770 2664 1806 2725 fr·

405 2757 492 2814 nitus
524 2755 639 2815 sabato
670 2758 702 2815 in
732 2753 818 2815 testo
841 2771 868 2816 e.
892 2753 1006 2816 Briccii
1030 2757 1062 2814 in
1086 2753 1238 2816 Hradecz
1262 2758 1371 2831 regine
1395 2770 1453 2833 per
1474 2751 1617 2816 Petrum
1640 2752 1805 2831 quendam

406 2841 565 2901 scolarem
589 2842 632 2903 de
655 2839 843 2920 Chrudym,
872 2845 1023 2919 protunc
1044 2845 1216 2904 rectorem
1239 2840 1415 2903 scolarum
1437 2840 1474 2901 in
1496 2839 1680 2904 maceca«

513 2942 534 3003 1.
557 2939 740 3005 692-139b
764 2947 922 3020 (anepigr.)
945 2943 1081 3022 Aegidii
1102 2943 1144 3005 de
1167 2941 1339 3006 Columna
1369 2941 1517 3005 Romani
1550 2941 1732 3006 Tractatus
1764 2943 1808 3003 de

405 3029 638 3093 eucharistiae
661 3034 880 3093 sacramento
909 3047 973 3109 per
993 3033 1237 3094 theoreumata
1258 3033 1335 3104 (sic)
1358 3029 1555 3092 distinctus.
1588 3026 1691 3108 »Quia
1724 3032 1809 3089 inter

405 3123 512 3179 cetera
535 3123 757 3179 sacramenta«
785 3119 817 3175 ><
844 3121 909 3179 »tui
939 3121 1085 3196 corporis
1117 3122 1148 3178 et
1179 3121 1349 3195 sanguinis
1373 3123 1626 3186 sacramentum,
1650 3117 1807 3192 quicum

406 3210 514 3282 patre«
540 3211 599 3264 etc.

513 3291 533 3352 i.
562 3289 763 3352 1401-1422
788 3289 971 3369 Registrum
996 3296 1152 3352 tractatus
1176 3289 1412 3368 praecedentis.

513 3378 533 3439 i.
563 3371 763 3438 142b-1711‘
797 3374 962 3439 Eiusdem
995 3375 1178 3439 Tractatus
1212 3378 1255 3438 de
1287 3374 1604 3454 praedestinatione
1637 3378 1672 3438 et
1707 3391 1809 3453 prae·

405 3463 565 3540 scientia,
590 3465 632 3526 de
653 3463 817 3542 paradiso
841 3468 875 3525 et
890 3463 1037 3525 interno.
1058 3461 1180 3525 »Nobili
1196 3464 1286 3524 militi
1311 3513 1317 3524 .
1342 3509 1351 3525 .
1373 3509 1382 3526 .
1406 3460 1583 3524 Thanene«
1599 3461 1633 3520 Χ
1646 3462 1809 3540 »adeptos

406 3549 474 3612 iore
496 3557 619 3613 tantam
643 3551 788 3628 gloriam,
811 3554 906 3616 cuius
929 3550 1047 3630 glorie«
1073 3556 1135 3613 etc.
1159 3547 1303 3624 (Titulus
1327 3550 1425 3611 huius
1449 3553 1558 3628 operis
1580 3555 1632 3612 est
1654 3553 1686 3610 in
1709 3550 1808 3610 sche-

405 3637 482 3699 dula
503 3638 658 3716 inligata.)

514 3741 534 3802 i.
563 3739 764 3802 1722-182·
789 3737 955 3803 Eiusdem
985 3739 1166 3803 Tractatus
1189 3740 1232 3801 de
1253 3744 1397 3818 peccato
1420 3738 1590 3818 originali.
1616 3737 1705 3817 »Ego
1727 3755 1809 3800 curn

407 3832 468 3889 sim
500 3830 606 3908 pulvis
638 3835 671 3890 et
701 3829 801 3888 cinis«
828 3829 861 3885 ><
888 3825 999 3906 ›Expl
1025 3832 1179 3888 tractatus
1201 3825 1247 3887 M.
1270 3825 1373 3905 Egidii
1405 3826 1446 3887 de
1469 3834 1605 3906 peccato
1627 3827 1806 3902 originali«

514 3914 535 3976 i.
563 3906 944 3988 182b-191tnnepigr.)
974 3911 1121 3976 Honorii
1149 3912 1482 3992 augustodunensis
1515 3911 1716 3975 inevitabile
1741 3928 1811 3974 seu

408 3999 573 4079 Dialogus
597 3999 758 4079 discipuli
790 4005 824 4061 et
847 4000 1004 4078 magistri
1027 4001 1069 4062 dc
1099 3999 1417 4079 praedestinatione
1446 4004 1482 4062 et
1510 3999 1618 4062 libero
1650 3998 1810 4060 arbitrio.

408 4085 539 4167 »incipit
575 4087 767 4150 inevitabilis
798 4088 922 4166 legacio
956 4087 1098 4149 iratrum.
1134 4086 1261 4148 Fratres
1284 4090 1317 4147 in
1340 4086 1440 4148 domo
1464 4085 1516 4148 dei
1538 4101 1614 4147 cum
1637 4101 1812 4147 consensu

406 4174 628 4237 ambulantes«
647 4177 681 4236 ><
700 4179 755 4236 »ut
778 4181 809 4235 te
832 4174 945 4235 ultima
968 4172 1038 4234 dies
1061 4176 1093 4235 in
1110 4177 1282 4235 consorcio
1299 4173 1424 4234 illorum
1440 4175 1611 4234 inveniat«

514 4260 535 4322 i.
563 4257 765 4323 1921--198δ
788 4261 862 4322 vide
885 4276 995 4338 supra.

513 4347 535 4409 1.
563 4345 763 4410 199·-221·
786 4345 920 4422 Aegidii
931 4345 1078 4408 Romani
1094 4345 1327 4426 Quaestiones
1340 4345 1381 4406 de
1404 4343 1659 4408 resurrectione
1673 4351 1812 4408 mortu·

407 4448 517 4494 orum.
551 4434 708 4515 ›Questio
740 4439 800 4508 est,
831 4439 937 4494 utrum
974 4437 1015 4494 sit
1049 4433 1232 4511 possibilis«
1262 4431 1290 4496 Χ
1319 4431 1523 4510 »Expliciunt
1545 4434 1740 4511 questiones
1767 4432 1809 4492 de

406 4525 647 4584 resurreccione
678 4521 783 4582 fratris
813 4519 916 4598 Egidii
949 4520 989 4581 de
1014 4518 1117 4580 Roma
1140 4523 1293 4598 rescripte
1316 4525 1349 4580 et
1371 4517 1459 4580 finite
1478 4534 1508 4579 a.
1532 4518 1564 4579 d.
1591 4515 1671 4580 1435
1696 4516 1756 4578 ier.
1783 4515 1812 4576 V

406 4609 437 4668 in
468 4612 584 4669 octava
614 4611 759 4686 corporis
790 4603 864 4668 Chr.
897 4623 954 4685 per
982 4606 1124 4668 Petrum
1154 4606 1209 4680 (de
1230 4602 1513 4679 Dwekaczowicz,
1544 4603 1585 4666 cl.
1609 4603 1680 4666 cod.
1705 4601 1748 4666 V.
1773 4603 1810 4666 E.

406 4691 475 4771 4(a)
499 4693 520 4756 1.
547 4693 638 4768 157“)
661 4693 827 4774 quendam
858 4694 980 4754 dictum
1013 4691 1113 4754 bibat
1142 4696 1175 4754 in
1206 4692 1306 4754 domo
1328 4689 1484 4752 Nacionis
1507 4689 1717 4764 Boemorum,
1742 4707 1812 4770 quo

407 4787 551 4858 ternpore
581 4782 764 4842 ambasiata
796 4783 885 4859 regni
915 4779 1048 4841 Boemie
1080 4779 1270 4858 sollempnis
1294 4778 1414 4840 directa
1437 4777 1496 4839 luit
1519 4777 1561 4838 ad
1585 4793 1734 4838 cesarem
1762 4776 1812 4840 Si-

405 4867 618 4945 gismundum
642 4866 784 4928 Brunam
810 4883 868 4946 pro
892 4865 1064 4928 tractanda
1085 4869 1219 4927 veritate
1243 4867 1442 4926 sanctissimi
1466 4867 1662 4926 sacramenti
1686 4869 1812 4925 utrius·

407 4969 470 5032 que
494 4958 616 5033 speciei
640 4953 749 5032 quoad
774 4954 875 5014 laicos
899 4957 1068 5032 utriusque
1093 4969 1195 5014 sexus
1219 4951 1429 5030 porrigenda«
1457 4953 1544 5025 (sic).

1082 5174 1133 5226 304
