3890 5970
366 551 425 602 XIV

365 778 499 840 codices
523 781 700 840 maximam
725 783 848 857 partem
871 779 1035 840 veteribus
1059 757 1202 856 ligaturis
1226 779 1363 856 spoliati,
1387 781 1441 856 qui
1457 777 1545 839 unde
1564 783 1770 856 provenerint

365 886 566 960 ignoramus.
590 881 737 962 Quorum
762 880 913 944 codicum
930 884 958 942 si
975 881 1141 943 dimidiam
1165 891 1288 960 partem
1312 884 1519 942 monasteriis
1535 881 1768 962 addiderimus,

366 989 451 1047 sicut
474 1003 574 1066 supra
596 989 729 1048 aiteram
752 983 884 1047 Jesuitis
908 981 1120 1048 clementinis
1143 984 1341 1059 addidimus,
1365 987 1533 1064 apparebit
1556 1001 1688 1048 summa
1710 1005 1765 1049 co-

367 1091 476 1151 dicum
501 1094 743 1151 emonastcriis
767 1095 977 1168 acceptorum
1001 1089 1131 1168 paululo
1156 1095 1280 1151 tantum
1304 1091 1416 1164 maior,
1441 1105 1541 1169 quam
1557 1090 1616 1152 luit
1638 1107 1770 1154 summa

366 1193 517 1256 codicum
542 1196 724 1268 latinorum,
748 1197 802 1274 qui
819 1211 836 1255 e
853 1198 996 1273 pristinis
1011 1197 1231 1255 universitatis
1248 1192 1390 1271 collegiis
1407 1200 1634 1272 provenerunt.
1658 1195 1769 1276 ltaque

366 1303 499 1360 omissis
522 1300 593 1360 aliis
616 1301 824 1360 incrementis
848 1299 1028 1359 minoribus
1051 1295 1233 1359 dimidiam
1251 1299 1387 1378 partem
1410 1297 1565 1360 codicum
1582 1299 1769 1364 latinorum

366 1418 382 1463 c
403 1401 633 1478 monasteriis
667 1403 816 1466 alteram
839 1401 1029 1483 epristinis
1061 1401 1294 1464 univcrsitatis
1326 1402 1476 1484 collegiis
1497 1403 1593 1467 nobis
1615 1405 1770 1487 obtigisse

357 1504 469 1586 facile
485 1505 665 1586 probatur.

473 1610 538 1674 Ubi
561 1616 700 1691 primum
725 1612 937 1674 bibliothecae
969 1617 1101 1672 nostrae
1127 1609 1285 1672 oiiiciales
1300 1611 1351 1672 ‘ab
1372 1613 1494 1689 ingenti
1517 1613 1637 1688 labore,
1669 1629 1768 1694 quem

366 1719 397 1778 in
421 1717 624 1796 recipiendia,
646 1715 859 1799 ,ordinandis
887 1715 1111 1777 describendis
1147 1714 1349 1776 diversorum
1385 1719 1657 1780 monasteriorum
1680 1718 1767 1779 tibris

365 1826 649 1900 consumpserant,
675 1819 841 1900 paululum
866 1821 1115 1898 respiraverunt,
1148 1819 1298 1880 secundo
1321 1836 1408 1882 saec.
1431 1818 1507 1882 XIX
1530 1820 1691 1884 decennio
1713 1839 1769 1884 co-

366 1924 493 1986 dicibus
517 1937 648 2005 quoque
672 1925 925 2003 manuscriptis
949 1922 1139 1984 ordinandis
1163 1928 1195 1984 et
1218 1923 1445 1986 describendis
1469 1941 1602 2004 operam
1638 1927 1767 2000 dabant,

366 2031 443 2109 quia
465 2025 708 2090 Scherschnikii
731 2029 910 2107 catalogus,
946 2028 986 2089 de
1010 2043 1075 2108 quo
1101 2043 1200 2107 supra
1234 2028 1387 2104 diximus,
1422 2033 1517 2109 copia
1539 2032 1690 2092 codicum
1713 2049 1770 2110 ge·

366 2137 488 2195 minata
510 2138 542 2195 et
564 2136 595 2195 in
626 2135 800 2213 ampliores
834 2131 957 2194 forulos
992 2136 1114 2212 pristini
1149 2136 1274 2195 musaei
1311 2134 1769 2197 mathematico-astronomici

364 2243 583 2316 transportata
605 2241 668 2298 iam
686 2251 800 2316 parum
823 2239 966 2298 utilitatis
989 2237 1174 2316 praebebat.
1199 2235 1340 2317 Quando
1356 2239 1419 2299 hoc
1435 2253 1520 2317 opus
1536 2238 1767 2310 inchoaverint,

365 2347 455 2404 certo
478 2343 656 2416 nescimus,
688 2341 748 2402 sed
771 2341 814 2403 ad
838 2337 938 2403 finem
969 2341 1176 2402 deduxerunt
1197 2359 1227 2402 a.
1255 2341 1346 2414 1819,
1370 2348 1406 2404 ut
1429 2341 1570 2404 declarat
1602 2343 1768 2405 decretum

365 2463 391 2508 c.
417 2463 440 2508 r.
456 2447 603 2525 gubemii
619 2445 648 2507 7.
664 2447 752 2525 april.
776 2445 924 2507 eiusdem
948 2449 1025 2507 anni
1048 2445 1260 2506 bib.iothecae
1284 2451 1416 2508 nostrae
1432 2441 1645 2525 redditum²⁹l
1669 2446 1768 2527 Quod

365 2565 460 2630 opus,
477 2553 628 2631 quamvis
644 2553 733 2629 parvi
751 2554 792 2611 sit
809 2553 909 2629 pretii,
926 2549 1087 2611 loannem
1104 2549 1405 2612 Zimmermannum
1422 2554 1622 2630 scriptorem,
1647 2555 1768 2631 quippe

364 2658 419 2736 qut
442 2655 576 2716 demum
600 2653 652 2716 20.
675 2656 741 2715 iulii
768 2653 849 2716 1815
874 2651 1087 2716 bibliothecae
1110 2658 1241 2714 nostrae
1265 2653 1440 2717 adiunctus
1465 2658 1515 2730 sit,
1540 2656 1646 2716 solum
1666 2655 1769 2734 perle-

364 2762 450 2820 cisse
474 2761 605 2820 minime
629 2759 671 2819 ad
693 2773 807 2819 verum
831 2757 973 2830 accedit;
1006 2774 1087 2818 sane
1111 2761 1257 2820 maxima
1280 2775 1356 2836 pars
1381 2758 1577 2822 schedarum
1602 2759 1769 2840 descripti·

363 2875 488 2937 varum,
512 2862 665 2941 equibus
689 2868 805 2940 postea
827 2861 979 2923 codicum
1003 2863 1141 2940 catalogi
1164 2867 1307 2923 contexti
1331 2867 1417 2937 sunt,
1441 2867 1545 2943 ipsius
1569 2879 1670 2925 manu
1692 2881 1770 2926 exa-

364 2971 433 3027 rata
456 2971 516 3026 est.
540 2966 570 3027 Is
594 2969 690 3027 nimis
714 2967 864 3027 celeritati
889 2966 1027 3027 studens
1051 2981 1165 3044 parum
1190 2967 1371 3043 diligentiae
1395 2966 1580 3042 adhibebat,
1606 2969 1694 3047 quod
1718 2972 1768 3030 in-

365 3073 476 3149 primis
510 3069 721 3132 manifestum
745 3073 850 3131 estin
876 3069 988 3132 forulis
1011 3069 1033 3142 l,
1067 3067 1120 3144 Vl,
1142 3068 1208 3144 Vll,
1231 3069 1380 3131 Xl-XV
1410 3071 1543 3132 codices
1578 3075 1770 3133 monasteri·

364 3191 457 3236 orum
481 3175 556 3236 inde
579 3174 621 3235 ab
637 3191 667 3235 a.
688 3171 769 3235 1782
784 3174 978 3235 abolitorum
1002 3174 1367 3253 comprehendentibus
1392 3179 1423 3236 in
1447 3175 1567 3255 quibus
1591 3181 1769 3237 maximam

366 3284 487 3358 partem
511 3294 647 3358 operum
678 3283 803 3339 tantum
834 3279 1000 3340 initialium
1032 3281 1112 3339 ratio
1135 3278 1246 3340 habita
1268 3283 1328 3340 est.
1367 3277 1401 3340 ln
1425 3278 1649 3340 describendis
1680 3280 1768 3340 codi-

366 3384 460 3444 cibus
493 3381 672 3444 forulorum
694 3377 815 3454 lll-V,
850 3378 1002 3451 VIII—X,
1038 3386 1092 3461 qui
1126 3383 1226 3443 libros
1259 3381 1455 3444 Jesuitarum
1490 3379 1768 3445 Clementinorum

367 3502 468 3548 manu
492 3489 631 3564 scriptos
654 3487 830 3546 maximam
855 3491 978 3563 partem
1002 3486 1293 3566 comprehendunt,
1317 3491 1471 3565 exoptato
1494 3485 1690 3548 adminiculo
1714 3503 1767 3546 ca·

367 3591 465 3668 talogi
488 3587 775 3652 Scherschnikiani
809 3605 892 3649 usus
916 3595 976 3660 est,
1001 3593 1054 3668 qui
1087 3606 1162 3652 cum
1186 3592 1287 3653 multo
1322 3593 1503 3652 accuratior
1537 3593 1637 3657 esset,
1672 3593 1769 3652 corri-

368 3693 465 3773 gendi
489 3699 614 3754 tantum
637 3698 670 3753 et
692 3695 865 3771 supplendi
889 3708 1010 3754 munus
1033 3697 1061 3753 ei
1085 3693 1275 3754 obeundum
1292 3700 1368 3756 erat
1392 3692 1456 3756 Cui
1472 3698 1597 3756 muneri
1613 3693 1767 3755 Zimmer-

367 3814 508 3879 mannus
524 3803 637 3858 noster
650 3801 782 3858 minime
798 3795 964 3858 satisfecit.
988 3795 1033 3859 Ut
1054 3803 1218 3876 appareat,
1243 3814 1341 3878 quam
1365 3799 1436 3858 vilis
1460 3800 1646 3876 operactus
1663 3797 1767 3870 luerit,

368 3902 516 3962 codicem
550 3900 631 3962 1925
665 3905 766 3976 (nunc
800 3899 840 3961 X.
863 3899 976 3974 13:24,
1011 3899 1099 3979 apud
1130 3897 1419 3963 Scherschnikium
1443 3899 1479 3962 Y.
1503 3902 1525 3965 1.
1553 3903 1579 3964 1.
1604 3920 1635 3963 n.
1658 3901 1679 3962 3
1703 3905 1768 3980 sig·

368 4003 494 4084 natum)
526 4005 747 4084 producimus,
779 4008 873 4066 cuius
904 4021 989 4083 opus
1013 4008 1152 4083 primum
1176 4006 1238 4068 sub
1260 4012 1401 4067 auctore*
1426 4005 1538 4068 »Petro
1562 4005 1765 4068 Lombard0‹

366 4113 399 4172 in
411 4112 595 4188 catalogum
619 4111 724 4171 retulit
745 4107 829 4169 salso
851 4125 939 4170 anno
966 4108 1046 4171 1407
1070 4109 1191 4183 addito,
1215 4125 1415 4189 quamquam
1438 4111 1470 4170 in
1487 4111 1635 4189 catalogo
1652 4109 1768 4172 Scher-

369 4215 564 4277 schnikiano
587 4219 671 4274 recte
694 4212 856 4274 inducitur
882 4212 1058 4275 »iohannis
1081 4213 1153 4274 Hus
1178 4214 1312 4275 Lectum
1343 4213 1404 4294 (sic
1429 4215 1644 4293 proiectura)
1669 4231 1769 4294 super

369 4319 379 4380 l
403 4316 663 4380 Sententiarum«
689 4333 764 4377 cum
787 4321 875 4379 iusto
897 4333 985 4379 anno
1014 4317 1103 4379 1412.
1127 4317 1251 4380 Ibidem
1283 4324 1369 4379 recte
1399 4322 1589 4397 inscriptum
1614 4334 1699 4397 opus
1723 4322 1767 4380 al·

367 4427 472 4483 terum
499 4419 674 4483 »Eiusdem
698 4418 854 4482 Defensio
878 4420 947 4482 iibri
970 4421 1010 4481 de
1033 4419 1188 4484 Trinitate
1210 4420 1279 4483 Joa.
1303 4421 1457 4500 Violeph‹
1491 4439 1645 4501 perverso
1669 4429 1767 4502 atque

368 4521 1764 4605 immmwmmfflmfflmmmffifflmmmfflm

368 4631 572 4708 permutavit.
610 4627 731 4690 Ibidem
761 4635 846 4690 recte
877 4632 1064 4708 inscriptam
1098 4627 1230 4690 »Jacobi
1260 4630 1301 4691 de
1324 4627 1410 4692 Misa
1433 4628 1667 4695 Defensionem
1699 4633 1767 4694 libri

476 4848 516 4930 29)
539 4857 663 4915 Hanslik
686 4858 718 4929 (l.
744 4876 769 4915 c.
798 4859 871 4931 131)
895 4859 1062 4930 catalogum
1086 4859 1222 4916 codicum
1244 4859 1403 4915 latinorum
1427 4875 1454 4915 a.
1475 4859 1684 4916 tait-1818
1710 4861 1768 4916 ela-

369 4947 503 5001 boratum
527 4960 591 5002 esse
615 4945 747 5017 affirmat,
771 4945 857 5017 Spirlc
880 4953 977 5002 autem
1001 4941 1033 5020 (l.
1058 4963 1083 5004 c.
1100 4941 1155 5022 44)
1177 4947 1337 5002 eorundem
1360 4946 1496 5003 codicum
1519 4947 1686 5018 catalogum
1709 4947 1770 5002 iam

370 5049 397 5090 a.
426 5031 505 5088 1815
529 5032 697 5088 absolutum
721 5047 786 5089 esse
809 5033 883 5089 salso
906 5032 1051 5104 opinatur.
