3890 5970
343 575 376 628 Vl

346 790 447 868 tisper
468 788 563 848 novis
587 783 739 848 librorum
764 783 860 846 donis
884 783 1055 863 suppletus
1079 787 1111 846 in
1135 784 1330 848 bibliotheca
1359 787 1487 846 musaei
1521 787 1610 864 regni
1641 781 1745 848 Bohe-

346 895 440 964 miae,
475 903 573 969 quem
597 888 701 967 primo
724 886 840 952 Wenc.
868 886 987 950 Hanka
1009 888 1129 967 publici
1151 889 1231 950 iuris
1262 882 1375 967 iecit²)‚
1407 893 1574 966 postremo
1606 885 1744 950 Hanslik

346 997 435 1076 operi
458 1009 521 1056 suo
545 999 590 1071 tp.
617 991 756 1070 18-22)
779 995 924 1064 inseruit,
948 992 981 1054 in
1004 1007 1080 1072 quo,
1104 998 1140 1054 ut
1155 993 1204 1054 ille
1227 992 1439 1071 computavit,
1466 989 1537 1066 192,
1561 989 1745 1056 secundum

345 1096 508 1162 Hanslikil
531 1100 810 1176 computationem
834 1094 898 1160 204
921 1095 1054 1158 codices
1087 1099 1211 1171 (certus
1241 1099 1328 1160 enlm
1358 1112 1517 1158 numerus
1550 1098 1647 1158 statui
1678 1111 1746 1156 non

346 1206 455 1280 potest
477 1205 608 1280 propter
630 1217 768 1264 mancos
791 1207 937 1263 veterum
953 1201 1175 1278 catalogorum
1193 1199 1317 1279 titulos)
1334 1203 1574 1273 enumerantur,
1591 1215 1609 1260 e
1626 1201 1745 1278 quibus

346 1304 389 1368 42
427 1306 591 1386 posterius
624 1303 725 1366 additi
760 1308 846 1376 sunt,
888 1304 986 1367 ceteri
1024 1307 1128 1382 prima
1165 1319 1266 1367 manu
1303 1303 1448 1382 inscripti
1482 1303 1745 1382 antiquissimam

346 1408 472 1488 collegii
503 1405 644 1470 Carolini
674 1407 828 1470 librorum
863 1409 992 1486 copiam
1028 1413 1280 1487 repraesentant.
1327 1405 1521 1486 Catalogum
1556 1407 1644 1470 hunc
1678 1425 1745 1469 non

346 1529 423 1578 esse
447 1516 607 1592 integrum
630 1509 768 1574 Hanslik
803 1511 835 1584 (l.
860 1529 888 1576 c.
912 1510 978 1586 22),
1013 1509 1095 1574 Rud.
1129 1506 1302 1584 Wolkan⁸)
1337 1511 1453 1574 eodem
1489 1527 1555 1574 non
1590 1514 1746 1573 contineri

346 1617 445 1680 libros
468 1615 634 1678 Wilhelmi
670 1614 786 1678 decani
809 1615 1035 1694 opinabantur.
1072 1613 1164 1696 Quas
1191 1619 1363 1695 opiniones
1385 1615 1487 1680 falsas
1510 1631 1586 1676 esse
1611 1614 1745 1676 demon·

348 1729 449 1782 strare
473 1718 647 1782 studebam
672 1719 901 1797 disquisitione
925 1719 1098 1782 bohemica
1135 1717 1226 1780 »Dua
1249 1717 1334 1780 stare'
1359 1720 1512 1798 katalogy
1536 1719 1614 1781 knih
1638 1717 1746 1798 kolleji

348 1817 588 1904 Praisky'ch«⁰)
620 1821 789 1902 probando
824 1827 963 1901 primum
996 1825 1181 1902 catalogum
1218 1841 1285 1886 non
1319 1840 1395 1884 esse
1430 1828 1590 1894 truncum,
1627 1839 1746 1902 nempe

346 1933 398 1992 cui
421 1929 528 1992 codex
551 1925 714 1988 Plinianus
737 1927 782 2006 (n.
806 1927 905 2002 2425)
928 1945 969 1990 ne
992 1928 1122 1989 inscribi
1153 1927 1283 2006 quidem
1308 1927 1479 2006 potuisset,
1511 1927 1638 2000 deinde,
1670 1943 1745 1990 cum

346 2048 448 2097 manu
482 2035 585 2111 prima
618 2031 794 2110 inscriptus
828 2037 919 2094 esset
952 2032 1058 2096 codex
1083 2030 1178 2106 2350,
1212 2035 1267 2112 qui
1301 2048 1343 2094 ex
1367 2031 1560 2095 bibliotheca
1581 2029 1745 2094 Wilhelmi

347 2135 463 2200 decani
487 2135 658 2200 manifeste
681 2139 839 2214 provenit,
863 2137 1047 2214 catalogum
1071 2140 1214 2214 acceptis
1238 2137 1372 2198 demum
1395 2136 1543 2198 eiusdem
1566 2137 1654 2196 libris
1669 2151 1745 2196 esse

346 2243 577 2319 conscriptum.
616 2238 666 2302 Ex
690 2239 884 2302 bibliotheca
917 2241 1041 2319 collegii
1064 2238 1207 2305 Carolini
1241 2244 1351 2317 utique
1375 2241 1465 2300 multi
1489 2239 1621 2302 codices
1644 2243 1746 2301 nostri

346 2349 574 2424 provenerunt,
598 2358 684 2423 quos
700 2351 810 2406 tamen
832 2359 1023 2404 enumerare
1040 2342 1168 2406 difficile
1185 2347 1245 2417 est,
1269 2359 1345 2406 cum
1365 2360 1577 2422 magnopere
1593 2343 1745 2404 librorum

346 2449 611 2529 inscriptionibus
634 2453 750 2526 careat,
775 2453 808 2510 et
830 2451 1015 2526 signaturae
1037 2452 1175 2520 veteres,
1200 2463 1284 2525 quae
1301 2453 1488 2527 supersunt,
1511 2451 1606 2508 cuius
1622 2449 1745 2526 collegii

345 2551 425 2612 liber
446 2551 522 2613 olim
546 2550 649 2624 luerit,
673 2566 746 2612 raro
769 2550 1003 2614 demonstrent.
1027 2549 1111 2614 Tres
1135 2557 1259 2614 tantum
1283 2552 1413 2615 codices
1436 2549 1524 2626 (409,
1547 2549 1622 2624 470,
1646 2549 1745 2626 2299)

345 2654 510 2718 veteribus
533 2655 657 2733 collegii
680 2653 820 2718 Carolini
844 2659 1018 2734 signaturis
1041 2655 1219 2717 hodiedum
1243 2657 1420 2718 instructos
1436 2656 1745 2717 commemorandos

345 2773 477 2831 censeo,
511 2775 597 2838 quos
620 2777 661 2820 ex
684 2760 879 2821 bibliotheca
900 2757 933 2821 S.
957 2758 983 2818 J.
1009 2757 1211 2822 Clementina
1244 2759 1442 2822 obtinuimus
1476 2761 1603 2832 (tertius
1626 2762 1689 2820 iam
1713 2761 1745 2820 in

345 2856 494 2942 catalogo
527 2868 822 2943 antiquissimo-
845 2863 982 2926 Hanslik
1018 2863 1055 2926 19
1079 2898 1120 2909 —
1144 2865 1305 2944 occurrit),
1340 2870 1467 2926 ceteros
1500 2862 1601 2924 index
1634 2867 1747 2924 noster

346 2967 409 3028 sub
430 2985 514 3030 voce
540 2968 729 3046 »collegium
753 2967 879 3031 Caroli«
905 2968 1150 3031 demonstrabit.
1198 2967 1246 3030 De
1270 2967 1506 3048 posterioribus
1530 2965 1745 3028 bibliothecae

344 3072 443 3133 huius
478 3073 601 3151 collegii
634 3072 708 3134 latis
731 3079 857 3152 praeter
879 3073 921 3147 id,
957 3072 1046 3153 quod
1069 3071 1206 3134 Hanslik
1234 3073 1363 3154 profert,
1397 3072 1440 3132 nil
1463 3075 1665 3149 compertum
1688 3072 1745 3130 ha-

344 3173 471 3236 bernus.

452 3314 558 3376 Etiam
582 3315 622 3375 de
646 3315 848 3378 bibliothecis
870 3317 995 3394 collegii
1018 3321 1247 3395 magistrorum
1271 3318 1415 3379 caesarei
1431 3320 1463 3376 et
1477 3315 1614 3393 angelici
1631 3329 1744 3393 parurn

346 3423 521 3488 memoriae
545 3419 707 3497 proditum
729 3415 839 3498 est;¹⁰)
863 3421 894 3481 id
919 3422 1025 3482 solum
1057 3426 1135 3482 noto
1159 3437 1200 3482 ex
1223 3419 1418 3482 bibliotheca
1440 3419 1564 3496 collegii
1588 3415 1744 3480 Omnium

346 3519 552 3597 Sanctorum,
576 3527 696 3602 quippe
720 3523 808 3601 quod
832 3525 1064 3586 catholicorum
1088 3529 1196 3602 partes
1220 3529 1371 3586 secutum
1394 3539 1562 3602 nunquam
1586 3522 1742 3583 abolitum

346 3630 445 3699 esset,
468 3627 576 3688 nullos
599 3627 732 3688 codices
755 3626 851 3688 nobis
874 3627 1039 3706 obtigisse.

453 3765 696 3828 accedentibus
718 3764 761 3826 ad
784 3766 981 3828 scholarium
1011 3768 1156 3846 collegia,
1191 3780 1276 3845 quae
1306 3765 1415 3827 itidem
1448 3767 1518 3825 suis
1541 3763 1745 3826 bibliothecis

344 3868 542 3947 gaudebant,
576 3873 716 3947 primum
750 3874 889 3931 occurrit
922 3870 1093 3950 collegium
1116 3868 1264 3931 Nationis
1299 3870 1501 3942 bohemicae,
1537 3867 1625 3948 quod
1657 3867 1745 3929 libris

345 3988 432 4036 saec.
469 3969 529 4032 XV
552 3988 628 4051 prae
658 3977 774 4034 ceteris
800 3973 928 4034 videtur
960 3975 1158 4035 abundasse.
1198 3971 1302 4035 Situm
1338 3979 1406 4035 erat
1428 3977 1461 4034 in
1483 3971 1554 4035 loro
1588 3975 1744 4050 pomario,

346 4075 435 4156 quod
458 4091 545 4138 nunc
562 4075 685 4150 dicitur,
708 4076 878 4140 adiacente
895 4076 937 4139 ab
953 4095 981 4138 a.
1003 4075 1084 4139 1413
1108 4077 1242 4156 collegio
1259 4075 1416 4156 Hedvigis
1433 4081 1571 4156 reginae.
1597 4073 1743 4156 Quorum

344 4179 562 4258 collegiorum,
586 4185 622 4240 ut
644 4185 736 4241 erant
758 4185 863 4244 vicina
878 4187 911 4242 et
925 4185 1067 4244 maxime
1091 4180 1237 4254 finitima,
1260 4183 1398 4259 catalogi
1415 4195 1546 4261 quoque
1570 4195 1656 4242 saec.
1685 4177 1744 4240 XV

347 4298 415 4344 uno
437 4283 517 4344 libro
541 4287 683 4346 contenti
707 4291 885 4362 supersunt
906 4291 938 4348 et
960 4284 1056 4348 hodie
1080 4289 1113 4348 in
1136 4286 1331 4346 bibliotheca
1360 4286 1566 4347 illustrissimi
1590 4286 1744 4362 principis

344 4385 436 4448 Ferd.
461 4385 647 4450 Zdenconls
671 4388 711 4448 de
736 4386 935 4450 Loblrowicz
958 4387 1157 4452 Rudnicensi
1179 4387 1231 4450 Vl.
1248 4389 1284 4450 E.
1301 4387 1360 4452 l.8
1384 4391 1500 4466 signati
1523 4393 1744 4448 asservantur.

459 4623 474 4666 ⁷
510 4631 758 4704 Verhandlungen
782 4636 832 4689 der
855 4633 922 4692 Ges.
947 4638 975 4690 d.
1001 4635 1101 4692 vaterl.
1126 4633 1203 4694 Mus.
1232 4635 1312 4692 1840
1335 4651 1363 4706 p.
1389 4635 1525 4692 65-76.

459 4727 473 4770 ⁸
510 4736 617 4795 Gesch.
643 4737 672 4795 d.
697 4738 858 4793 deutschen
881 4737 1035 4795 Litteratur
1056 4737 1087 4793 in
1109 4737 1241 4794 Bdhmen
1264 4754 1292 4809 p.
1318 4737 1367 4796 59.

459 4831 486 4911 ⁹)
510 4835 636 4900 vestuta
657 4823 689 4900 c.
716 4841 752 4898 n.
780 4841 861 4898 1904
884 4858 912 4913 ρ.
937 4841 1095 4900 ort-105.

446 4935 483 5017 ¹⁰)
508 4943 540 5000 ln
563 4944 687 5015 collegio
721 4943 855 5014 angelico
889 4959 916 5000 a.
945 4943 1024 5000 1603
1059 4945 1244 5002 habebantur
1267 4945 1328 5004 226
1352 4947 1479 5015 codices,
1513 4946 1548 5002 51
1577 4945 1749 5014 membran,

348 5030 407 5088 175
432 5033 523 5088 chart.
547 5030 599 5103 (cl.
623 5025 736 5101 Hamus,
761 5028 984 5101 Quellenlrunde
1007 5046 1036 5106 p.
1061 5031 1123 5100 21).
