3830 5966
824 525 905 587 1156

265 728 345 810 1153
742 730 806 804 VI.
834 730 874 806 F.
901 731 962 805 14.

152 869 348 931 membran.
370 887 457 932 saec.
481 867 575 932 XIII
594 870 638 931 ἐκ.
651 869 697 952 ff.
710 869 774 932 287
798 888 901 943 num,
925 870 1003 932 2025
1013 871 1053 949 ><
1067 870 1108 933 14
1120 889 1184 933 cm.
1209 867 1241 933 d.
1264 889 1309 933 m.
1334 889 1410 934 cum
1429 873 1508 954 pici.

157 987 300 1052 ›Flores
322 991 511 1068 evangelii«
539 991 615 1053 sive
638 991 827 1053 Sermones
843 993 884 1054 de
900 999 1057 1070 tempore
1074 997 1108 1054 et
1124 991 1255 1054 sanctis
1280 1011 1359 1054 cum
1383 995 1561 1057 nonnullis

151 1075 288 1154 glossis
312 1077 505 1164 bohemicis
531 1095 622 1141 saec.
645 1077 724 1140 XIV
746 1077 793 1139 in.

263 1197 283 1259 l.
312 1200 492 1274 1⁸(rubr.:)
527 1201 702 1278 »Incipiunt
733 1199 831 1260 liores
863 1202 1039 1278 evangelii«
1066 1249 1072 1262 .
1099 1249 1105 1262 .
1132 1245 1138 1258 .
1163 1199 1182 1261 l.
1207 1198 1288 1262 287b
1319 1199 1427 1280 (sermo
1451 1208 1480 1260 in
1506 1222 1562 1262 na-

154 1289 235 1345 tivit.
257 1289 417 1359 virginum)
443 1295 538 1347 »ante
561 1285 677 1348 faciem
703 1290 773 1346 eius
797 1289 870 1364 ipso
893 1287 1079 1355 adiuvante,
1103 1291 1176 1365 qui«
1204 1294 1264 1348 etc.

261 1375 416 1431 Sermones
450 1376 480 1431 hi
513 1383 583 1432 sunt
616 1377 798 1432 diversorum
832 1383 946 1449 patrum
983 1379 1178 1449 antiquorum,
1224 1377 1383 1447 Ambrosii,
1418 1377 1559 1449 Gregorii,

151 1461 317 1532 Augustini
340 1468 394 1522 cet.
418 1461 441 1517 E
464 1469 591 1519 monast.
616 1461 805 1518 Tiebonensi.

263 1645 353 1726 1154
741 1648 804 1724 VI.
831 1648 871 1722 F.
900 1649 962 1722 15.

151 1787 267 1848 chart.
290 1804 323 1848 a.
346 1786 521 1850 1420-26
532 1787 580 1870 ff.
602 1787 668 1850 384
690 1806 794 1864 natm,
817 1787 969 1866 22><ro
981 1805 1044 1849 cm.
1068 1789 1148 1850 lm.

150 1905 369 1969 Testamenti
391 1906 530 1970 Veteris
554 1908 649 1971 libri:
672 1907 955 1985 Proverbiorum,
978 1907 1223 1984 Ecclesiastes,
1248 1907 1432 1972 Canticum
1448 1910 1559 1972 canti·

149 2009 289 2070 corum,
312 1994 520 2073 Sapientiae,
545 1993 816 2059 Ecclesiasticus
840 2012 920 2058 cum
943 1995 1167 2074 expositione
1190 1996 1373 2075 marginali
1395 2002 1430 2060 et
1452 1997 1559 2059 inter·

628 2083 752 2146 lineari
776 2082 910 2144 Nicolai
933 2082 975 2143 de
998 2082 1087 2145 Lira.

260 2201 280 2262 1.
308 2198 341 2262 lb
369 2203 488 2265 »Istum
511 2205 681 2283 prologum
706 2208 856 2282 premittit
870 2203 1056 2266 ieronimus
1081 2255 1086 2264 .
1113 2251 1121 2266 .
1147 2254 1152 2264 .
1177 2202 1297 2280 iungat
1320 2205 1474 2281 epistola«
1498 2252 1557 2268 ...

261 2288 281 2349 i.
310 2289 386 2350 131·
412 2289 570 2369 »Explicit
592 2296 720 2352 cantica
742 2292 767 2354 11
789 2290 845 2352 ier.
870 2297 947 2370 post
968 2291 1098 2351 Andree
1121 2307 1150 2351 a.
1176 2289 1287 2351 1420.‹

261 2374 280 2436 i.
305 2372 385 2437 3841
411 2375 500 2438 »Hec
524 2379 620 2455 gloza
643 2377 712 2438 Lire
745 2377 835 2439 finita
858 2383 909 2438 est
933 2377 1098 2438 dominico
1130 2383 1205 2438 ante
1235 2374 1365 2455 Georgii
1388 2395 1418 2439 a.
1443 2379 1472 2439 d.
1496 2385 1557 2442 etc.

151 2461 199 2522 26
223 2459 337 2540 (1426)
359 2470 539 2524 currente.-

258 2569 291 2624 In
315 2571 452 2641 operculo
487 2587 583 2643 super.
614 2571 687 2626 haec
722 2581 792 2626 nota
826 2577 988 2626 atramento
1024 2571 1098 2626 illita
1132 2573 1274 2628 occurrit:
1312 2569 1388 2626 »Iste
1419 2571 1492 2626 liber
1514 2579 1558 2628 est

148 2654 297 2713 Simonis
320 2658 497 2713 sacerdotis
523 2705 528 2715 .
555 2702 561 2714 .
588 2705 592 2716 .
620 2705 625 2716 .
651 2659 785 2713 custodis
810 2700 816 2712 .
843 2703 849 2714 .
876 2701 882 2714 .
908 2699 914 2712 .
939 2659 1046 2713 ibidem
1063 2664 1227 2728 reportatus
1250 2659 1368 2728 propria
1391 2673 1480 2712 manu
1504 2673 1557 2714 seu

148 2759 206 2814 per
229 2757 289 2799 se«
314 2741 347 2799 ln
371 2745 511 2815 operculo
534 2743 614 2799 inler.
639 2745 729 2800 haec:
757 2744 833 2799 »Iste
858 2745 932 2799 liber
953 2744 1178 2815 sapiencialium
1200 2743 1324 2815 pertinet
1340 2747 1377 2798 ad
1394 2742 1556 2800 Fabianum

149 2830 333 2885 bacalarium
356 2829 386 2884 in
410 2829 563 2898 Nazaret«,
596 2834 642 2886 cui
676 2837 762 2887 notae
794 2831 851 2886 alia
882 2846 987 2886 manus
1012 2845 1089 2888 saec.
1113 2829 1169 2885 XV
1191 2830 1321 2886 addidit:
1357 2836 1404 2885 »et
1435 2837 1556 2886 mortem

150 2931 259 2974 meam.
292 2916 325 2971 Si
348 2922 455 2988 autern,
479 2919 558 2989 quod
582 2918 667 2984 absit,
699 2917 847 2973 Fabianus
878 2919 958 2989 prius
982 2917 1101 2972 solverit
1125 2917 1254 2972 debitum
1279 2917 1385 2988 carnis,
1416 2918 1495 2988 quod
1519 2920 1555 2973 ad

148 3018 201 3057 me
224 3008 412 3058 revertatur«
459 3003 579 3076 Utrique
611 3005 748 3075 operculo
773 3003 988 3075 adglutinatum
1020 3011 1065 3059 est
1094 3003 1287 3073 fragmentum
1311 3003 1376 3058 libri
1400 3004 1555 3060 cuiusdam

148 3089 314 3156 censualis,
338 3093 368 3144 in
392 3104 451 3161 quo
484 3093 603 3162 saepius
627 3093 753 3146 occurrit
787 3091 856 3146 villa
879 3089 1033 3161 Nepomulr
1057 3091 1148 3160 (saec.
1172 3087 1363 3160 XIV-XV).
1410 3089 1554 3162 Operculo

148 3175 235 3232 inler.
260 3177 419 3247 adligatum
436 3183 480 3232 est
497 3177 690 3248 fragmentum
707 3178 865 3233 membran.
883 3177 995 3233 codicis
1012 3178 1167 3232 cuiusdam
1183 3176 1365 3248 grammatici
1382 3193 1460 3233 saec.
1477 3175 1553 3236 XIII.

259 3361 338 3442 1155
740 3363 803 3439 VI.
837 3363 876 3437 F.
909 3365 966 3438 16.

147 3499 263 3563 chart.
287 3521 319 3563 a.
343 3503 429 3565 1417
447 3501 488 3584 ff.
512 3503 586 3575 196,
610 3504 688 3567 215
698 3504 797 3583 ><15
808 3522 871 3565 cm.
893 3503 911 3564 1
937 3521 981 3564 m.

146 3623 339 3688 Sermones
373 3626 416 3688 de
449 3630 610 3704 tempore
640 3631 675 3688 et
704 3626 746 3687 de
777 3625 910 3688 sanctis
934 3642 955 3686 a
978 3624 1090 3703 prima
1122 3623 1297 3686 dominica
1330 3623 1366 3684 in
1401 3625 1555 3686 adventu

341 3728 454 3790 usque
477 3713 521 3773 ad
545 3712 769 3791 epiphaniam
793 3729 872 3774 cum
896 3712 987 3773 raris
1010 3711 1139 3789 glossis
1162 3709 1364 3773 bohemicis.

256 3832 277 3893 1.
300 3828 337 3894 8ὴ
361 3832 521 3912 (Absolute
545 3838 680 3908 registrol
716 3833 840 3895 »Prima
862 3849 939 3913 pars
963 3837 1056 3893 istius
1080 3833 1173 3893 libelli
1196 3837 1243 3906 <in
1266 3833 1419 3910 operculo
1444 3850 1551 3910 super.

146 3919 351 3981 inscribitur:
376 3919 481 3980 Prima
504 3938 580 3999 pars
603 3925 856 3999 comportatum)
881 3919 970 3980 linita
1002 3925 1053 3980 est
1069 3937 1124 3999 per
1146 3918 1329 3981 Nicolaum
1349 3917 1553 3998 Mnisselr(?)

147 4006 327 4084 plebanum
362 4011 394 4066 in
431 4005 606 4068 Chotikow
640 4014 717 4069 tunc
754 4008 972 4085 presidentem
1009 4008 1145 4067 ecclesie
1176 4005 1213 4066 in
1237 4005 1334 4067 Swin
1357 4022 1386 4066 a.
1411 4007 1442 4067 d.
1472 4005 1554 4068 1417

145 4089 255 4154 XXVI
278 4092 329 4152 die
352 4093 424 4154 Julii
449 4141 455 4154 .
481 4144 486 4154 .
514 4143 520 4157 .
545 4095 656 4154 multis
680 4103 757 4154 tunc
780 4095 984 4155 currentibus
1008 4092 1244 4154 incommodis«
1273 4139 1278 4152 .
1305 4139 1310 4152 .
1336 4137 1344 4154 .

256 4177 275 4240 l.
299 4179 336 4239 91
360 4182 458 4254 (Doni.
484 4189 549 4238 ante
574 4185 746 4250 adventum)
772 4179 877 4240 »Ecce
901 4179 971 4240 dies
994 4183 1129 4239 veniunt
1152 4225 1158 4239 .
1183 4229 1190 4240 .
1216 4229 1222 4241 .
1247 4175 1433 4240 Notandum
1461 4180 1551 4260 quod

148 4281 179 4326 s.
205 4271 330 4343 patres«
348 4267 379 4324 ><
394 4265 414 4327 1.
444 4263 519 4327 1961
548 4272 719 4328 »vocatum
743 4273 794 4328 est
817 4283 937 4328 nomen
962 4269 1033 4326 eius
1056 4265 1184 4326 lesus«

255 4371 333 4429 Nota
355 4373 384 4428 in
408 4375 546 4445 operculo
578 4389 692 4445 super:
722 4373 868 4430 »Libellus
892 4375 971 4433 dom.
996 4371 1109 4428 Nicolai
1132 4372 1248 4443 plebani
1272 4371 1549 4444 Baworowiensis.«

146 4458 263 4514 Deinde
284 4460 358 4515 liber
381 4460 450 4516 bibl.
474 4460 716 4531 Rosenbergicae,
748 4467 895 4531 postremo
919 4468 1045 4516 monast.
1070 4457 1265 4515 Tiebonensis
1288 4459 1350 4514 luit.

257 4659 354 4743 1155
752 4661 810 4737 VI.
836 4662 877 4736 F.
910 4663 967 4737 17.

148 4800 262 4864 chari.
286 4818 318 4864 a.
341 4801 514 4864 1418-19
533 4801 573 4884 ff.
596 4803 672 4879 305,
693 4803 737 4864 22
751 4802 918 4882 ><16cm.
941 4803 1024 4864 lm.

147 4921 342 4986 Sermones
364 4921 406 4984 de
428 4927 586 5001 ternpore
609 4927 644 4984 et
666 4922 799 4984 sanctis
823 4921 975 5002 acapite
997 4921 1116 4984 ieiunii
1138 4937 1250 4999 usque
1274 4921 1316 4982 ad
1339 4921 1552 4985 dominicam

237 5007 337 5072 Oculi
359 5026 439 5071 curn
461 5008 593 5088 glossis
616 5008 810 5072 bohemicis
841 5009 1125 5074 interlinearibus
1149 5015 1184 5072 et
1206 5007 1464 5087 marginalibus.

192 5199 345 5259 murali:
366 5217 419 5262 cn.
436 5217 487 5258 eor.
501 5213 542 5259 in.
826 5231 877 5282 405
1413 5213 1447 5264 ao
