3820 5966
787 570 853 631 bio

119 778 319 856 Borgardum
342 777 383 837 de
407 776 517 839 Monte
542 775 634 856 Syon
654 824 661 839 .
681 824 687 838 .
708 825 715 839 .
734 777 901 854 Prologus.
952 774 1172 835 Dilectissimo
1203 777 1234 833 in
1259 771 1334 834 Chr.
1360 776 1460 850 patri«
1486 773 1518 828 ><

123 869 194 924 »vix
217 880 292 924 eum
317 868 415 924 nimio
439 881 494 942 pre
518 864 629 925 dolore
653 867 815 942 cognovit.
847 862 888 923 Et
911 866 960 922 sic
985 867 1036 922 est
1059 859 1134 921 finis
1158 861 1285 921 huius«
1337 858 1518 936 Registrum

119 955 225 1030 operis
249 955 416 1028 sequentis
440 956 471 1012 in
494 950 513 1011 2
538 949 569 1012 ff.
594 968 660 1012 non
684 966 773 1012 num.

220 1054 241 1115 l.
270 1051 427 1115 112—46b
451 1056 608 1129 (anepigr.)
632 1052 753 1132 cyrilli
777 1052 883 1130 episc.
929 1049 1177 1129 Apologeticus
1202 1050 1259 1129 (--
1283 1047 1518 1128 Quadriperti-

117 1147 192 1202 tum
217 1140 372 1214 morale).
421 1138 631 1202 »Secundum
663 1141 836 1201 Aristotilis
869 1142 1071 1200 sentenciam
1103 1141 1135 1198 in
1159 1137 1459 1196 Probleumatibus«
1488 1139 1517 1190 ><

123 1228 275 1304 »digestis
298 1231 427 1307 quievit.
451 1225 658 1306 Completum
682 1228 738 1287 iar.
763 1227 800 1288 lll
825 1232 901 1305 post
924 1225 1051 1303 palmas
1074 1241 1103 1284 a.
1128 1223 1158 1283 d.
1187 1221 1297 1284 1432«

219 1330 322 1392 Index
344 1331 568 1410 alphabeticus
592 1335 700 1410 operis
724 1334 892 1409 sequentis
916 1333 948 1390 in
972 1327 991 1388 3
1017 1327 1047 1389 ff.
1072 1344 1138 1388 non
1162 1343 1251 1387 num.

220 1452 240 1513 i.
264 1448 448 1514 lit-123b
472 1452 578 1526 (rubr.)
604 1453 734 1530 »incipit
758 1454 913 1531 prologus
936 1448 1209 1526 (commentarii)
1232 1448 1265 1510 S.
1290 1446 1517 1526 Augustini..

117 1538 152 1599 in
174 1538 361 1616 epistolam
384 1540 588 1603 canonicam
613 1539 666 1618 (Ι.)
689 1555 718 1602 s.
740 1537 938 1600 Johannis.
969 1585 975 1597 .
1004 1585 1011 1598 .
1038 1553 1136 1617 quam
1168 1536 1209 1596 ad
1245 1535 1401 1613 populum
1436 1533 1518 1594 infra

116 1625 336 1686 ebdomadam
360 1628 526 1704 pascalem
549 1626 755 1705 predicavit«
786 1624 950 1685 »Meminit
973 1627 1130 1685 sanctitas
1153 1629 1280 1683 vestra«
1308 1624 1341 1680 ><
1368 1619 1517 1682 »Christo

119 1713 306 1790 predicanti.
330 1712 468 1791 Explicit
490 1715 570 1774 liber
593 1714 622 1773 b.
648 1713 821 1790 Augustini
845 1712 989 1772 doctoris
1014 1713 1152 1770 eximii«

219 1833 240 1892 i.
269 1831 469 1894 mil-429l
497 1832 642 1896 «Oracio
664 1833 741 1894 sive
760 1832 922 1910 planctus
951 1829 1132 1909 passionis
1156 1828 1287 1892 Christi
1310 1829 1355 1890 ad.
1385 1845 1413 1890 s.
1446 1827 1520 1890 Ma-

113 1919 203 1981 riam
226 1919 400 1997 virginem
423 1919 538 1982 editus
561 1936 581 1981 a
603 1921 634 1981 b.
651 1919 849 1998 Augustino
872 1919 926 1998 (i).
952 1917 1034 1998 Quis
1058 1919 1146 1978 dabit
1169 1920 1264 1995 capiti
1288 1933 1362 1976 meo
1376 1931 1517 1993 aquam«

117 2007 147 2067 Χ
175 2014 227 2067 »et
249 2007 331 2067 ultra
354 2024 430 2067 cum
454 2007 532 2068 Jesu
555 2006 621 2068 frlio
645 2012 730 2068 tuo«

220 2125 242 2187 l.
270 2126 471 2188 1313-192ει
494 2128 652 2202 (anepigr.)
698 2125 983 2189 Commentarius
1013 2125 1053 2188 in
1082 2123 1267 2188 Canticum
1294 2122 1519 2185 canticorum.

119 2211 314 2274 »Osculetur
336 2231 387 2274 me
411 2217 526 2275 osculo
550 2219 615 2274 oris
640 2217 699 2274 sui.
724 2213 765 2274 Et
788 2217 892 2291 primo
915 2216 948 2273 in
971 2228 1074 2273 sensu
1098 2213 1291 2273 historiaco«
1318 2213 1351 2268 ><
1377 2211 1517 2270 »ducen-

116 2309 155 2363 tis
178 2305 211 2362 in
237 2317 371 2378 corpore
395 2307 427 2361 et
449 2306 588 2362 omnia«
615 2299 768 2378 Sequitur
789 2299 888 2360 index
912 2299 1136 2377 alphabeticus
1161 2303 1193 2360 in
1217 2297 1238 2358 l.
1263 2313 1329 2358 uno
1343 2313 1410 2357 non
1426 2312 1515 2358 num.

220 2420 242 2481 i.
270 2420 649 2501 issa—219·(aneprgr.)
673 2421 827 2484 Senecae
851 2420 958 2500 (recte
981 2419 1122 2482 Martini
1137 2418 1396 2490 Braccarensis)
1417 2417 1520 2479 Liber

115 2509 156 2568 de
177 2505 228 2568 1v
250 2507 438 2570 virtutibus
462 2509 694 2571 cardinalibus
717 2525 797 2570 cum
820 2507 1073 2570 commentario
1107 2513 1141 2568 et
1172 2505 1350 2568 nonnullis
1388 2504 1520 2582 glossis

117 2593 322 2656 bohemicis.
350 2593 484 2656 »Sciens
507 2613 549 2657 ex
572 2597 777 2674 irrefragabili
800 2599 962 2656 veritate«
993 2593 1160 2672 »Quatuor
1183 2599 1260 2655 sunt
1274 2597 1429 2653 virtutum
1446 2608 1521 2670 spe-

117 2686 202 2741 cies«
231 2683 265 2740 ><
292 2682 516 2743 »deficientem
541 2689 753 2761 contempnat
775 2686 968 2759 ignaviam·

220 2801 242 2861 i.
267 2798 472 2862 21912-254b
495 2803 579 2864 Aur.
602 2801 779 2864 Prudentii
810 2801 1001 2864 Clementis
1024 2799 1301 2880 Psychomachia
1323 2815 1403 2860 cum
1426 2814 1518 2860 corn-

115 2887 290 2949 mentario
312 2889 494 2965 marginali
517 2894 552 2950 et
573 2889 796 2952 interlineari.
846 2888 950 2949 »Ecce
989 2905 1105 2949 servus
1140 2903 1234 2948 meus
1269 2885 1450 2963 intelliget«
1477 2921 1520 2928 —

117 2972 251 3035 »Senex
274 2973 400 3035 fidelis«
426 2979 458 3032 ><
485 2975 596 3036 »dives
621 2980 787 3057 sapiencia
810 2983 950 3053 regnet«

220 3081 375 3153 Operculis
399 3085 528 3154 adligata
551 3091 620 3139 sunt
643 3085 804 3155 fragmenta
816 3085 976 3138 membran.
994 3081 1106 3138 codicis
1123 3082 1278 3137 cuiusdam
1294 3079 1422 3149 liturgici
1439 3093 1516 3134 saec.

113 3165 283 3222 xil-xm
306 3171 421 3225 neumis
444 3172 589 3226 instructi.

222 3335 303 3416 569
566 3338 639 3413 III.
669 3339 719 3414 H.
747 3337 808 3412 ld.
838 3352 921 3415 (Η.
945 3355 965 3403 r.
985 3367 1011 3403 n.
1031 3353 1100 3410 rori

113 3476 224 3536 citari.
250 3493 336 3537 saec.
361 3475 398 3538 X
403 3475 431 3536 V
437 3477 483 3559 ff.
505 3477 579 3544 314.
603 3479 647 3539 22
661 3480 747 3540 ><16
769 3497 831 3539 cm.
856 3478 887 3538 d.
912 3495 955 3537 ru.

217 3595 360 3658 Veteris
383 3595 597 3660 Testamenti
630 3598 723 3660 libri:
760 3597 919 3672 Genesis,
953 3596 1108 3672 Exortus,
1143 3595 1330 3669 LeviticuS,
1364 3591 1519 3666 Numeri,

113 3681 763 3760 Deuteronomium,Josue,.1udicum,
780 3685 883 3759 Ruth,
901 3684 1043 3763 Regum,
1061 3682 1361 3760 Paralipomenon,
1375 3679 1518 3754 Esdrae,

111 3769 292 3844 Neemiae,
322 3769 458 3846 Tobiae,
487 3771 620 3846 Judith,
650 3770 787 3848 Esther,
819 3771 1123 3844 Machabaeorum,
1145 3769 1222 3844 Job,
1254 3785 1329 3829 cum
1354 3768 1518 3828 nonnullis

112 3859 241 3933 glossis
265 3858 444 3919 bohemicis
468 3862 499 3919 in
524 3863 677 3936 margine.

219 3963 255 4018 In
277 3963 328 4020 fol.
353 3967 511 4022 membran.
535 3966 697 4037 praeligato
721 3972 861 4020 notantur
892 3965 1011 4035 quidam
1043 3970 1211 4035 peccatores
1246 3977 1312 4017 cum
1347 3965 1519 4031 interpreta-

112 4052 192 4106 tione
218 4053 391 4109 bohemica:
418 4053 616 4108 »divinatores
640 4054 784 4124 hadaczy‚
808 4057 1027 4122 precantatores
1051 4051 1125 4120 (sic)
1149 4044 1351 4119 zaklynacz'y«
1379 4055 1433 4108 etc.

223 4219 306 4300 57⁰
575 4218 646 4294 III.
675 4218 726 4293 H.
759 4219 815 4292 17.
844 4233 888 4292 (Υ.
918 4235 939 4284 1.
960 4234 1089 4296 rma.)

111 4363 226 4422 citari.
251 4377 338 4421 saec.
364 4359 561 4421 XIV-XV
573 4357 621 4439 ff.
640 4360 714 4434 164,
729 4361 769 4420 21
774 4361 807 4420 ·5
818 4361 850 4416 ><
862 4359 904 4421 16
919 4375 982 4420 cm.
1002 4358 1016 4418 l
1035 4376 1079 4419 m.

221 4481 243 4543 f.
272 4479 387 4542 1ῑ’-9α
411 4480 579 4560 Quaestio
606 4488 732 4542 »utrum
746 4483 798 4541 lex
811 4487 907 4540 vetus
923 4479 1016 4540 fuerit
1031 4483 1160 4556 gravior
1171 4493 1270 4557 quam
1287 4481 1328 4538 sit
1343 4477 1395 4538 lex
1412 4493 1516 4538 nova«

113 4575 144 4624 ><
173 4577 231 4629 »ut
254 4571 357 4628 eciam
382 4569 493 4628 dicunt
523 4569 726 4646 Augustinus
753 4573 785 4628 et
808 4564 975 4644 Origenes.
1008 4565 1049 4626 Et
1072 4569 1119 4626 sic
1143 4571 1195 4624 est
1219 4563 1294 4624 finis
1317 4565 1416 4624 huius
1440 4580 1521 4641 que-

115 4659 266 4718 sunnis«

222 4757 243 4818 i.
272 4754 452 4818 10³—161lb
478 4753 523 4820 'S.
554 4755 651 4819 Pauli
684 4753 837 4833 apostoli
871 4755 1052 4832 Epistulae
1081 4754 1125 4816 ad
1154 4752 1307 4826 Galatas,
1337 4751 1520 4831 Ephesios,

114 4845 373 4922 Philippenses,
397 4843 640 4920 colossenses,
662 4842 1005 4918 Thessalonicenses,
1028 4839 1259 4915 Timotheum,
1281 4838 1407 4915 Titum,
1438 4839 1522 4900 Phi-

114 4933 296 4994 lemonem
319 4932 570 4992 commentario
592 4931 793 4993 instructae.
822 4928 977 4990 »Calathe
1001 4933 1078 4989 sunt
1094 4927 1207 4988 Greci«
1234 4929 1266 4984 ><
1287 4930 1390 4988 »sicut
1408 4943 1521 4988 exem-

115 5020 241 5097 platum
266 5019 308 5078 ab
331 5019 518 5096 exemplari,
542 5035 641 5097 quam
664 5021 806 5095 graciam
831 5016 927 5076 nobis
951 5015 1098 5076 conterat
1120 5014 1147 5075 J.
1164 5011 1241 5076 Chr.
1257 5014 1289 5076 d.
1306 5030 1349 5086 n.,
1366 5018 1439 5092 qui«
1459 5020 1520 5074 etc.

795 5238 847 5289 233
