3820 5966
810 550 873 610 648

247 753 330 834 645
573 753 642 828 IV.
673 755 707 830 C.
736 754 798 829 18.
828 770 871 832 tv.
890 769 983 822 rma
1001 785 1027 820 n.
1046 755 1103 833 eni

139 875 249 936 citari.
273 893 305 936 0.
331 875 417 937 1104
426 874 474 957 ff.
498 876 571 950 137,
594 876 673 939 285
684 877 774 954 ><22
797 894 860 938 cm.
884 876 901 937 1
927 894 972 937 m.

212 997 346 1060 Johlini
370 998 411 1061 de
434 993 596 1062 Wodr'ran
618 997 784 1060 Postillae
807 995 1049 1060 Zderaziensis
1072 1013 1154 1074 pars
1177 995 1220 1057 111
1244 995 1470 1077 (aestivalis).

251 1101 271 1162 1.
301 1104 333 1162 1·
356 1105 462 1178 (mbr.)
504 1103 634 1181 »Incipit
667 1107 765 1164 tercia
800 1119 876 1182 pars
912 1102 1037 1180 postille
1061 1099 1288 1162 Zderasiensis
1312 1102 1448 1163 collecta
1482 1103 1546 1163 sub

138 1207 168 1248 a.
195 1189 225 1250 d.
255 1187 421 1262 1044010
444 1206 503 1267 pro
531 1189 625 1262 1404)
648 1189 704 1250 ier.
728 1187 771 1248 Vl
794 1196 871 1268 post
893 1187 1013 1250 testum
1030 1185 1173 1250 Urbani«
1196 1235 1202 1248 .
1223 1236 1228 1248 .
1250 1235 1256 1248 .
1276 1189 1308 1242 ><
1325 1187 1344 1248 i.
1367 1183 1442 1248 idib
1461 1187 1545 1249 »Ex-

140 1277 229 1352 plicit
252 1279 352 1336 tercia
374 1293 450 1354 pars
474 1281 505 1336 et
527 1278 640 1338 ultima
663 1276 790 1354 postilla
813 1275 1041 1337 Zderasiensis
1066 1291 1142 1354 pars
1174 1274 1323 1336 videlicet
1346 1276 1490 1335 estivalis
1513 1292 1543 1336 a.

139 1362 171 1421 d.
199 1360 283 1423 1404
306 1361 397 1424 finita
419 1367 451 1424 in
475 1363 581 1440 vigilia
605 1380 631 1423 s.
663 1361 842 1442 Hedvvigis.
888 1360 960 1424 Hoc
994 1377 1080 1441 opus
1115 1364 1219 1438 exegi,
1255 1359 1340 1423 festa
1371 1365 1544 1439 sepissime

139 1448 251 1527 fregi«

247 1553 310 1611 Fol.
345 1556 462 1610 duobus
496 1556 641 1627 operculis
676 1555 812 1624 adligatis
847 1555 1004 1626 inscriptus
1038 1559 1084 1608 est
1117 1553 1219 1608 Sermo
1243 1569 1332 1625 super
1356 1553 1450 1610 »Cum
1474 1569 1543 1626 ergo

141 1643 329 1696 sublevasset
352 1641 457 1697 oculos
479 1641 599 1698 iesus«.
633 1641 779 1713 Operculo
803 1657 900 1699 surer.
924 1641 1012 1698 huius
1036 1641 1159 1710 codicis,
1182 1647 1215 1695 ut
1238 1643 1361 1712 vestigia
1384 1643 1545 1712 scripturae

138 1729 239 1784 adhuc
261 1730 463 1783 demonstrant
486 1734 620 1784 etvetus
643 1729 795 1799 catalogus
818 1734 951 1796 testatur,
975 1729 1045 1783 olim
1068 1726 1251 1797 adglutinata
1278 1734 1360 1784 erant
1382 1726 1543 1798 fragmenta

137 1829 270 1885 german.
295 1817 440 1885 poematis
463 1816 550 1871 medii
573 1817 638 1870 aevi
664 1815 912 1886 »Rosengarten«,
935 1816 972 1870 de
995 1814 1102 1884 quibus
1126 1812 1162 1870 01.
1186 1812 1319 1874 Mourek.
1365 1813 1490 1886 Sitzgsb.
1515 1816 1545 1869 d.

139 1905 172 1956 k.
196 1903 297 1957 biihm.
321 1899 390 1957 Ges.
415 1903 443 1956 d.
468 1900 517 1958 W.
546 1902 625 1958 1889
649 1918 678 1973 p.
706 1902 775 1958 118.
799 1901 892 1957 Vetus
915 1903 991 1971 sign.
1016 1899 1051 1968 0,
1076 1899 1127 1957 70.

256 2067 339 2150 646
599 2067 670 2145 IV.
699 2069 737 2145 C.
765 2070 825 2145 19.
853 2085 898 2149 (v.
918 2085 936 2136 1
958 2087 985 2136 a.
1005 2100 1032 2136 a.
1051 2082 1105 2149 aa.)

138 2191 251 2252 chari.
273 2209 360 2252 saec.
383 2189 469 2252 XIV
490 2191 601 2272 (1379,
623 2191 723 2262 13801
734 2191 784 2275 ff.
806 2192 872 2255 169
894 2209 999 2266 carran„
1013 2191 1153 2254 29><21
1179 2209 1242 2254 cm.
1265 2189 1297 2252 d.
1321 2207 1366 2252 m.

251 2311 273 2372 1.
297 2311 391 2374 l-lll
414 2331 475 2372 non
497 2332 576 2374 num.
607 2311 864 2376 Mammotrecti
898 2311 1123 2376 abbreviatio.
1174 2311 1330 2391 »Explicit
1362 2313 1546 2376 abreviacio

137 2397 380 2460 hlammotrecti
405 2415 503 2479 super
525 2415 642 2461 omnes
666 2399 765 2461 libros
788 2401 884 2462 biblia
907 2417 996 2480 anno
1030 2397 1144 2479 [1³]ta
1181 2399 1280 2461 finitis
1314 2403 1391 2478 tsic)
1425 2403 1458 2461 in
1493 2400 1545 2461 die

140 2485 339 2564 Apollinaris
362 2491 454 2552 mart.
478 2491 640 2564 sipont«

252 2587 273 2649 1.
301 2585 437 2649 12-69t
472 2588 645 2667 (Hugonis
677 2589 1004 2669 Argentoratensis)
1042 2586 1295 2668 compendium
1327 2589 1545 2669 theologicae

139 2673 316 2738 veritatis.
343 2674 512 2737 »Veritatis
536 2677 716 2755 theologice
740 2675 941 2738 sublimitas«
967 2677 1000 2734 ><
1027 2678 1230 2738 »secundum
1264 2680 1378 2740 merita
1414 2680 1545 2755 recipiet

138 2766 214 2823 sine
237 2761 312 2823 fine.
336 2761 475 2841 Explicit
496 2767 615 2824 veritas
639 2765 851 2841 theologica.
877 2763 907 2823 d.
932 2761 1076 2842 [13]80«.
1101 2761 1255 2842 Sequitur
1270 2767 1441 2842 registrum
1465 2779 1545 2842 ope-

139 2853 186 2908 ris
210 2853 243 2910 in
267 2849 286 2908 2
310 2847 340 2910 is.
366 2866 433 2910 non
456 2865 545 2911 num.

249 2933 270 2996 1.
296 2933 478 2998 iot—169b
523 2935 710 2998 Sermones
743 2934 844 2997 varii.
878 2935 1056 3014 (indigesta
1087 2943 1119 2997 et
1150 2952 1319 3014 perperam
1344 2937 1441 3014 ligata
1463 2937 1545 2996 haec

141 3023 292 3083 collectio
309 3028 397 3084 caret
418 3022 493 3096 fine,
518 3023 577 3082 sed
601 3027 759 3084 instructa
783 3029 834 3084 est
857 3027 992 3100 registro
1009 3027 1041 3083 in
1061 3025 1215 3101 operculo
1235 3022 1325 3083 inter.
1346 3023 1547 3101 compilato.)

249 3191 344 3304 647,
607 3193 676 3269 IV.
707 3192 742 3270 C.
770 3193 832 3270 20.
861 3209 905 3270 (Y.
925 3211 947 3261 1.
964 3211 990 3262 a.
1009 3225 1036 3262 n.
1054 3209 1108 3275 aa)

142 3315 257 3376 chart.
281 3333 314 3378 a.
337 3315 423 3378 1357
433 3314 482 3398 ff.
505 3316 580 3390 355,
603 3316 645 3379 29
663 3321 691 3369 ><
705 3316 749 3378 22
772 3334 835 3378 cin.
859 3317 890 3378 d.
915 3335 971 3397 aa,

352 3436 525 3499 iohannis
548 3436 590 3500 de
612 3436 774 3502 Hiadinio
797 3437 946 3500 Postilla
967 3453 1075 3516 supra
1097 3437 1226 3498 librum
1248 3438 1324 3501 Job.

253 3537 273 3599 1.
303 3537 422 3601 l-l3b
445 3539 572 3602 Tabula
595 3558 700 3604 rerum
725 3543 938 3622 alphabetica.

248 3625 269 3686 1.
298 3629 352 3687 14⁸
379 3626 683 3691 »Reverendissimo
707 3634 738 3690 in
763 3628 893 3690 Chn'sto
917 3632 997 3708 patri
1016 3677 1050 3692 ..
1077 3680 1082 3689 .
1108 3625 1250 3690 Guidoni
1274 3629 1315 3689 de
1333 3626 1469 3690 Boionia
1487 3679 1491 3688 .
1512 3675 1543 3690 ..

139 3717 303 3791 episcopo
327 3713 496 3776 Portuensi
521 3763 528 3776 .
553 3763 559 3775 .
586 3762 592 3774 .
617 3715 714 3777 irater
735 3715 904 3777 Johannes
927 3716 968 3775 de
992 3714 1159 3777 Hisdini0«
1198 3718 1228 3772 ><
1263 3715 1282 3776 1.
1319 3711 1400 3776 355b
1437 3718 1545 3790 (rubr.)

142 3798 305 3877 »Explicit
327 3801 456 3879 postilla
480 3817 580 3880 supra
603 3803 717 3866 librum
740 3800 802 3866 Job
825 3801 911 3862 tacta
934 3809 966 3862 et
988 3803 1163 3881 compilata
1194 3819 1214 3861 a
1247 3800 1283 3863 tr.
1318 3801 1467 3864 iohanne
1503 3801 1543 3862 de

140 3885 308 4032 Hy'sdinio
333 3933 340 3948 .
364 3937 372 3952 .
398 3937 403 3948 .
429 3893 461 3948 et
483 3887 542 3949 tuit
564 3891 726 3967 completa
748 3907 777 3950 a.
802 3888 833 3952 d.
868 3885 950 3950 1357
981 3892 1013 3948 in
1042 3889 1149 3967 vigilia
1180 3887 1361 3950 festivitatis
1396 3892 1543 3952 omnium

140 3988 353 4034 salicorum«
381 4021 388 4036 .
415 4025 419 4034 .
446 4020 454 4034 .

250 4144 336 4226 648
614 4145 683 4220 IV.
714 4143 749 4220 C.
776 4145 836 4223 21.
864 4161 1037 4225 (ztan.
1057 4163 1110 4224 70.)

142 4269 256 4331 citari.
281 4285 314 4330 a.
337 4268 425 4331 1408
437 4265 487 4347 sf.
510 4267 585 4342 282,
609 4269 687 4332 285
700 4271 732 4326 ><
747 4269 787 4331 21
813 4285 876 4330 cm.
898 4267 917 4330 1
943 4287 988 4330 m.

138 4389 278 4453 Alberti
302 4391 344 4452 de
366 4389 484 4452 Padua
506 4389 651 4454 Postilla
673 4407 781 4468 super
814 4391 994 4470 evangelia
1026 4389 1251 4454 dominicalia
1283 4403 1345 4467 per
1375 4389 1544 4458 circutum

801 4479 894 4539 anni.

253 4581 273 4641 1.
303 4583 335 4640 1⁸
362 4577 520 4641 »Domine
544 4581 637 4654 deus
662 4597 738 4642 ecce
762 4585 875 4642 nescio
899 4581 1005 4660 loqui«
1033 4581 1065 4640 ><
1088 4579 1108 4642 i.
1134 4579 1211 4641 282·
1236 4584 1286 4642 »in
1310 4580 1420 4642 celesti
1444 4583 1547 4658 patria

140 4675 336 4746 regnantem
360 4683 435 4728 cum
459 4667 612 4728 omnibus
637 4672 760 4729 sanctis
784 4672 864 4740 suiS,
889 4672 943 4747 qui
965 4671 1043 4727 vivit
1062 4673 1122 4729 etc.
1146 4665 1284 4745 Explicit
1300 4667 1429 4744 postilla
1445 4681 1544 4744 super

140 4754 314 4831 evangelia
336 4753 550 4817 dominicalia.
576 4770 639 4834 que
662 4755 813 4832 leguntur
835 4771 892 4832 per
913 4770 1047 4828 annum,
1085 4753 1170 4832 Mag.
1206 4753 1325 4815 Alberti
1360 4752 1400 4813 de
1435 4753 1547 4814 Padua

140 4841 207 4902 sub
231 4859 260 4902 a.
286 4841 317 4901 d.
344 4839 427 4901 1408
450 4839 561 4901 finitus
586 4841 662 4917 (sic)
684 4845 716 4900 in
740 4841 791 4901 die
816 4857 841 4902 s.
867 4839 1012 4901 Mauricii
1036 4857 1093 4917 per
1115 4855 1237 4901 manus
1259 4839 1381 4902 iacobi
1405 4839 1447 4901 de
1471 4887 1478 4900 .
1504 4885 1511 4898 .
1536 4883 1544 4899 .

141 4936 269 5002 (cetera
292 4928 407 4988 evulsa
434 4927 532 5006 sunt).

248 5033 280 5089 ln
298 5035 436 5106 operculo
452 5035 533 5092 inter.
551 5041 698 5104 notantur,
722 5036 771 5106 qui
788 5051 806 5090 a
822 5034 1028 5090 communione
1040 5033 1238 5104 prohibentor.
1262 5031 1356 5089 Vetus
1373 5033 1449 5104 sign.
1466 5031 1499 5104 C,
1515 5031 1544 5088 4.

823 5253 873 5305 aso
1407 5237 1449 5296 1⁷*
