3844 5968
792 596 856 658 395

227 803 309 885 393
570 803 643 880 III.
672 803 718 878 A.
745 803 842 886 8.(i·.
861 819 882 870 1.
901 820 928 870 r.
945 820 1027 881 aa.)

122 945 232 1007 chari.
256 961 288 1005 a.
312 943 398 1007 1388
407 942 455 1025 ff.
478 943 552 1019 217,
575 943 715 1008 30er
740 961 804 1008 cm.
826 943 844 1006 1
869 961 915 1005 m.

231 1063 251 1126 l.
292 1061 433 1127 1-2021‘
467 1061 625 1140 (anepigr.)
659 1064 811 1128 Conradi
844 1066 886 1127 de
920 1065 1053 1128 Soltow
1082 1062 1267 1142 Expositio
1297 1063 1522 1141 psalmorum.

124 1152 285 1213 »Psallam
308 1152 371 1213 deo
395 1168 480 1226 mee,
504 1153 661 1232 quamdiu
685 1151 786 1213 luem.
811 1151 990 1214 Reverendi
1015 1157 1133 1230 patreS,
1158 1155 1301 1228 magistri
1325 1155 1357 1210 et
1380 1149 1521 1211 domini«

121 1241 154 1296 ><
182 1243 237 1298 »ut
260 1255 456 1301 coronemur
478 1256 535 1318 per
556 1241 690 1316 gloriam
715 1243 746 1300 in
770 1238 888 1313 futuro,
920 1256 1019 1319 quam
1050 1238 1146 1298 nobis
1177 1238 1331 1298 omnibus
1362 1235 1524 1297 concedat

121 1325 278 1386 dominus
312 1331 425 1387 noster
454 1324 481 1386 J.
505 1324 581 1389 Chr.
613 1330 667 1404 qui
691 1332 750 1387 etc.
783 1323 911 1386 Nomen
935 1329 1100 1402 scriptoris
1124 1329 1152 1385 si
1175 1328 1249 1403 quis
1272 1327 1360 1402 cupit
1383 1323 1523 1384 habere:

119 1411 169 1473 Mi
200 1412 256 1473 tibi
287 1415 329 1472 sit
360 1416 509 1490 primum,
544 1410 620 1474 Cha
649 1413 793 1474 medium
826 1411 931 1490 Elque
966 1428 1157 1490 supremum
1192 1409 1379 1488 (Michael).
1412 1409 1524 1470 Lauda

121 1502 325 1577 scriptorem,
350 1498 456 1560 donec
479 1502 641 1560 inveneris
666 1501 862 1560 meliorem«

230 1601 251 1663 i.
276 1598 482 1662 2032-21722
505 1602 696 1665 Anselmus
719 1600 983 1664 Centuariensis
1007 1599 1118 1679 Super
1140 1597 1309 1664 Miserere
1334 1599 1403 1662 mei
1425 1599 1522 1662 deus.

124 1687 334 1750 »Fortissime
359 1689 461 1749 deus«
487 1690 521 1748 Χ
547 1689 705 1768 »Explicit
727 1690 906 1751 Anselmus
930 1705 1029 1767 super
1051 1687 1095 1749 M.
1113 1705 1155 1749 m.
1174 1688 1208 1748 d.
1221 1687 1333 1750 finitus
1349 1686 1406 1748 fer.
1425 1691 1524 1747 tercia

120 1783 199 1853 post
222 1773 342 1836 lestum
367 1792 394 1836 S.
418 1773 578 1837 Johannis
602 1775 693 1855 Bapt.
719 1777 834 1836 suba.
859 1776 890 1836 d.
917 1774 1000 1836 1388
1023 1775 1074 1835 die
1105 1781 1137 1835 et
1167 1775 1248 1835 hora
1270 1773 1390 1852 quibus
1414 1790 1523 1852 supra.

120 1860 259 1922 Postulo
282 1861 408 1936 finaleS,
432 1862 549 1923 dentur
572 1864 649 1924 mihi
673 1867 749 1924 novi
774 1863 965 1923 sotulares«

230 1969 264 2024 ln
287 1969 378 2025 fronte
409 1969 458 2026 iol.
488 1969 640 2042 praeligati
663 1971 736 2026 haec
760 1976 831 2026 nota
853 1985 931 2027 saec.
955 1968 1011 2024 XV
1034 1973 1176 2027 occurrit:
1213 1969 1356 2025 »Domine
1378 1966 1523 2023 Dorothee

119 2058 155 2111 de
180 2055 267 2111 Nova
289 2055 418 2126 civitate,
442 2063 474 2112 ut
496 2060 630 2113 estimo«

227 2240 312 2322 394
572 2241 645 2317 III.
673 2242 719 2318 A.
747 2243 782 2316 9.
798 2257 843 2322 (x
863 2256 883 2309 r.
902 2257 925 2309 r.
944 2273 971 2308 a.
989 2258 1028 2321 a)

119 2381 232 2442 chart.
255 2399 288 2441 α.
312 2381 399 2444 1390
409 2381 455 2464 ff.
478 2382 543 2444 312
566 2401 670 2456 rrum„
693 2382 906 2446 29·5><19·5
927 2399 990 2443 cm.
1013 2380 1032 2443 1
1057 2397 1102 2440 m.

231 2499 388 2580 Gregorii
409 2502 424 2564 1
446 2518 555 2582 papae
578 2502 762 2566 Moralium
784 2519 891 2581 super
911 2502 978 2565 Job
1001 2501 1079 2564 libri
1104 2499 1240 2563 11-35.

231 2604 251 2666 i,
275 2605 355 2668 257ὃ
382 2605 538 2685 »Explicit
560 2607 639 2667 liber
661 2608 830 2668 moralium
854 2606 884 2667 b.
909 2605 1054 2685 Gregorii
1078 2623 1161 2685 pape
1185 2623 1242 2684 per
1258 2621 1376 2666 manus
1392 2603 1522 2666 Mathie

118 2697 320 2770 (cognomen
344 2696 493 2754 excisum
516 2691 580 2770 est)
603 2711 632 2754 a.
657 2694 687 2755 d.
715 2692 828 2755 1390«.

230 2795 251 2858 1.
276 2796 442 2858 258-311
471 2796 571 2859 Index
594 2798 818 2876 alphabeticus
841 2796 1013 2858 Moralium
1037 2795 1182 2876 Gregorii
1207 2812 1321 2874 papae.

230 2899 251 2962 f.
275 2899 339 2961 312
362 2899 453 2962 Visio
476 2899 624 2980 Tayonis
648 2901 947 2980 Caesaraugustam
970 2905 1115 2979 episcopi
1139 2899 1262 2961 Romae
1278 2904 1311 2960 in
1332 2899 1472 2960 ecclesia
1495 2913 1521 2956 s,

118 2986 212 3048 Petri.
247 2986 441 3049 »Hecvisio
465 3004 523 3066 per
542 2992 643 3050 totam
667 2987 859 3066 Hispaniam
883 2992 1043 3049 invenitur
1066 2990 1186 3066 scripta
1208 2991 1240 3049 in
1266 2988 1422 3064 principio
1447 2982 1518 3044 Mo·

119 3076 236 3134 ralium
260 3075 291 3134 b.
317 3071 491 3153 Gregorii«

231 3180 324 3236 Vetus
348 3183 423 3252 sign.
447 3181 480 3250 B,
505 3183 534 3238 3.

226 3347 307 3428 395
569 3349 641 3424 III.
671 3349 716 3424 A.
745 3348 806 3424 10.
821 3365 867 3429 (Υ.
887 3363 906 3414 r.
926 3365 950 3418 4.
971 3382 998 3416 n.
1018 3365 1071 3428 10.)

118 3490 232 3551 chart.
255 3506 341 3552 saec.
365 3486 452 3550 XIV
470 3488 562 3570 (ante
585 3507 617 3551 a.
640 3489 739 3567 1394)
757 3488 798 3571 ff.
824 3488 887 3550 178
909 3505 1012 3561 utrm„
1036 3487 1068 3549 d.
1091 3505 1136 3549 m.

229 3609 250 3671 i.
279 3608 397 3670 1-35·
420 3607 594 3671 Johannis
615 3607 795 3670 vallensis
819 3607 899 3688 (seu
923 3607 1123 3682 Gualensis)
1147 3608 1300 3670 Libellus
1324 3607 1366 3669 de
1389 3607 1465 3668 vita
1488 3613 1523 3668 et

118 3696 277 3759 moribus
300 3693 490 3757 illustrium
513 3695 802 3774 philosophorum
824 3695 1018 3774 gentilium.
1052 3695 1321 3774 »Consequenter
1343 3693 1521 3755 videndum

117 3790 168 3845 est
192 3783 235 3843 de
269 3786 367 3843 tercio
390 3783 554 3861 principali
585 3783 706 3843 scilicet
736 3782 777 3843 de
801 3787 1014 3844 successione
1037 3784 1206 3843 illustrium
1230 3781 1518 3861 philosophorum«

118 3873 150 3927 ><
177 3885 332 3930 »omnem
363 3870 528 3931 hominem
559 3873 743 3930 venientem
776 3873 807 3929 in
831 3870 919 3930 hunc
943 3870 1112 3931 mundum.
1137 3868 1176 3929 Jo
1204 3869 1229 3930 l.
1254 3867 1295 3928 Et
1317 3868 1360 3928 ad
1384 3883 1520 3945 presens

118 3955 288 4018 sufficiant
311 3955 352 4016 de
377 3956 558 4034 predictis«

228 4059 250 4120 i.
274 4058 437 4120 351-40ει
458 4057 625 4120 Eiusdem
635 4057 897 4136 Breviloquium
909 4060 950 4120 de
966 4058 1192 4137 philosophia
1203 4057 1281 4120 sive
1293 4056 1335 4119 de
1349 4055 1522 4135 sapientia

118 4151 332 4209 sanctorum.
359 4144 462 4208 »Cum
486 4149 561 4207 vani
585 4150 650 4206 sint
673 4161 790 4207 omnes
813 4147 982 4207 homines«
1010 4149 1043 4205 ><
1069 4145 1225 4223 »Explicit
1247 4143 1281 4206 B.
1308 4145 1348 4204 de
1365 4145 1418 4222 ph.
1437 4161 1462 4208 S.
1480 4143 1521 4202 de

118 4251 144 4294 s,
170 4251 199 4295 s,
225 4231 312 4295 edita
343 4232 421 4294 alr.
446 4232 594 4293 Johanne
629 4249 714 4310 mag.
740 4249 832 4292 sacre
856 4233 953 4294 theol.
978 4234 1046 4294 ord.
1071 4231 1156 4293 fratr.
1181 4235 1268 4304 min,
1293 4235 1346 4310 qui
1369 4229 1521 4291 Valensis

118 4321 267 4381 dicitur«

229 4421 249 4484 1.
274 4417 458 4483 411-1011
488 4424 646 4496 (anepigr.)
675 4419 836 4498 Origenis
858 4421 1057 4484 Adamantii
1081 4421 1366 4485 Commentarius
1390 4419 1427 4481 in
1450 4419 1519 4498 epi-

117 4510 248 4571 stolam
272 4525 300 4570 s.
323 4506 422 4570 Pauli
452 4510 495 4570 ad
525 4506 703 4569 Romanos
739 4507 925 4587 interprete
956 4507 1092 4570 Rufino.
1129 4507 1318 4569 »Volentem
1343 4525 1395 4568 me
1420 4523 1520 4585 parvo

118 4597 316 4658 subvectum
339 4599 487 4673 navigio«
513 4597 546 4652 ><
572 4611 652 4656 ‚nec
675 4595 880 4656 dissimulato
903 4596 992 4657 bono
1016 4596 1245 4674 decipiamur«

227 4697 249 4760 f.
277 4694 478 4760 102⁸--178b
500 4698 758 4777 (anepigr.)Mag.
770 4699 936 4762 Matthiae
948 4700 990 4762 de
1001 4699 1127 4762 Janow
1139 4697 1378 4779 (Parisiensis)
1394 4696 1521 4776 Operis

117 4788 159 4848 de
182 4785 315 4865 regulis
337 4785 469 4847 veteris
491 4791 528 4848 et
549 4785 634 4848 novi
656 4786 859 4848 testamenti
882 4787 968 4848 liber
990 4785 1032 4849 V.
1063 4787 1229 4848 Praecedit
1251 4786 1360 4859 index,
1384 4801 1449 4864 quo
1473 4801 1521 4844 re·

118 4879 296 4935 censentur
318 4871 348 4932 X
371 4872 596 4933 distinctiones
619 4873 718 4933 huius
740 4873 810 4933 libri
834 4873 949 4952 (quinti
966 4873 1150 4934 secundum
1175 4870 1326 4950 Palacky',
1349 4870 1521 4932 Vorliiuler

119 4961 150 5021 d.
174 4959 429 5021 Husitenthums
452 4977 483 5038 p.
507 4959 572 5032 52).
597 4957 723 5020 Initium
746 4963 778 5020 in
801 4959 821 5021 i.
850 4959 943 5021 105³:
971 4959 1099 5021 »Frater
1121 4963 1164 5020 mi
1187 4963 1220 5020 in
1244 4959 1332 5020 dom.
1355 4957 1434 5019 Jesu
1452 4974 1520 5035 pre·

119 5047 261 5108 dilecte«
293 5046 449 5124 ›Explicit
471 5050 517 5120 (in
540 5045 560 5106 1.
590 5041 679 5117 1781)
696 5051 852 5106 tractatus
875 5053 1011 5126 quartus
1034 5050 1111 5121 (sic)
1123 5047 1260 5107 hortans
1272 5053 1303 5106 et
1315 5043 1520 5124 persuadens

799 5268 846 5318 153
