3820 5960
796 563 860 628 739

233 774 266 831 ln
289 775 382 831 fronte
405 775 422 834 i.
452 779 481 834 1·
503 775 576 832 haec
598 781 669 832 nota
692 779 801 848 scripta
824 791 913 832 manu
936 777 1068 832 eiusdem
1102 791 1181 834 saec.
1217 779 1360 833 occurrit:
1409 777 1529 849 »Loyca

126 861 250 918 Alberti.
273 861 360 918 Hunc
382 862 487 918 librum
511 865 634 919 donavit
655 877 714 920 rev.
737 867 819 935 pater
841 863 870 918 in
895 861 962 919 Chr.
987 865 1066 919 dom.
1101 861 1247 920 Henricus
1270 867 1305 920 de
1329 863 1528 921 Wlldenstein

127 948 220 1019 episc.
244 955 272 1004 et
294 963 394 1005 comes
416 947 604 1020 Tergestinus
627 949 764 1005 iratribus
787 951 815 1004 b.
838 949 961 1020 virginis
984 949 1014 1005 in
1038 947 1223 1008 Czaslavia.«
1275 949 1428 1022 Operculis
1452 951 1528 1007 adli-

126 1041 198 1106 gata
221 1043 291 1092 sunt
312 1034 473 1107 fragmenta
495 1037 615 1095 membr.
640 1037 752 1093 codicis
775 1037 931 1092 cuiusdam
953 1035 1060 1108 philos.
1085 1051 1163 1092 saec.
1180 1035 1259 1108 XIV,
1283 1053 1407 1109 quorum
1431 1038 1462 1093 in
1486 1037 1529 1094 al·

127 1126 221 1177 terius
244 1121 338 1177 fronte
362 1128 495 1180 notatur:
546 1122 624 1180 »Ista
657 1121 746 1194 loyca
780 1129 824 1178 est
854 1122 951 1178 fratris
973 1121 1084 1178 'rhome
1108 1123 1143 1178 de
1165 1121 1241 1180 Pisis
1265 1118 1316 1198 (l),
1354 1140 1442 1196 quam
1466 1125 1529 1197 ipse

127 1211 199 1264 emit
221 1225 240 1263 a
261 1207 410 1266 Lodovico
435 1210 512 1268 dom
539 1207 745 1269 cristallinus«
771 1207 864 1265 Vetus
887 1209 963 1280 sign.
987 1207 1053 1266 libr.
1077 1207 1172 1266 Carol.
1197 1208 1321 1279 B,i,K.

235 1392 314 1473 737
567 1392 629 1470 IV.
659 1393 705 1470 G.
732 1395 768 1470 5.
796 1409 962 1476 (urea
981 1411 1028 1474 rr)

128 1532 240 1596 chart.
270 1549 357 1596 saec.
379 1529 547 1616 XIVsXV
555 1531 601 1614 ff.
625 1533 665 1596 71
690 1551 793 1608 num„
816 1533 971 1612 22><15
991 1551 1054 1596 cm.
1077 1536 1096 1596 1
1120 1552 1166 1596 m.

273 1653 460 1732 (Johauuis
482 1655 525 1716 de
547 1653 692 1734 Pragai)
716 1655 830 1717 Casus
854 1653 1035 1717 summarii
1058 1671 1165 1733 super
1187 1656 1389 1718 decretales.

239 1757 259 1819 1.
288 1761 319 1820 1³
346 1756 542 1838 »Gregorius
565 1765 625 1821 etc.
649 1758 740 1821 lstud
766 1760 972 1838 prohemium
1007 1760 1107 1820 habet
1129 1763 1273 1840 quinque
1297 1766 1425 1839 partes«
1450 1761 1484 1820 ><
1507 1760 1528 1821 i.

128 1844 189 1906 71⁸
217 1844 340 1907 »lacere
363 1849 529 1924 omagium
553 1846 773 1924 compellatur.
801 1844 890 1907 Finis
914 1847 1050 1908 Amen«
1079 1844 1268 1925 Sequuntur
1289 1851 1387 1908 notae
1409 1851 1527 1909 variae.

235 1949 267 2011 ln
289 1951 382 2007 fronte
406 1954 534 2023 operculi
557 1968 654 2025 super.
678 1968 768 2008 manu
791 1967 903 2009 coaeva
935 1956 1110 2009 adnotatum
1144 1962 1211 2010 est:
1246 1952 1397 2024 »Magistri
1421 1953 1532 2011 Johan-

129 2042 178 2094 nis
202 2041 237 2094 de
260 2037 381 2110 Praga.‹
408 2037 537 2113 Schulte,
572 2041 623 2111 qui
646 2041 779 2096 codicem
802 2040 881 2094 hunc
903 2055 969 2112 pag.
994 2039 1034 2096 48
1059 2041 1155 2111 operis
1186 2040 1233 2096 sui
1269 2039 1402 2098 »Canon
1426 2040 1532 2097 Hand-

128 2124 289 2181 schrilten‹
315 2133 456 2194 recenset,
490 2132 618 2182 veterem
656 2127 824 2197 catalogum
859 2133 993 2182 nostrum
1026 2134 1146 2182 secutus
1181 2125 1260 2198 Mag.
1295 2126 1461 2183 iohannem
1495 2131 1531 2183 de

128 2212 224 2282 Praga
248 2217 396 2267 auctorem
420 2211 550 2268 Casuum
573 2227 639 2268 esse
663 2213 802 2273 declarat.
826 2211 961 2270 Sexterni
985 2213 1097 2269 codicis
1124 2217 1253 2285 cooperti
1276 2220 1345 2269 sunt
1367 2214 1531 2284 fragmento

128 2299 292 2354 membran.
315 2300 448 2355 instrum.
471 2300 553 2370 publ.
589 2305 681 2356 notar.
706 2297 845 2354 Stanislai
869 2301 905 2354 de
928 2299 1049 2371 Gyczin.
1085 2298 1202 2358 Veteris
1236 2303 1343 2372 signat.
1369 2301 1438 2358 bibl.
1463 2299 1532 2356 Cle-

129 2391 221 2444 ment.
244 2387 370 2456 vestigia
390 2391 506 2442 tantum
529 2385 559 2441 in
584 2388 673 2442 dorso
696 2387 824 2442 lacerato
848 2392 1015 2458 supersunt.

237 2551 319 2633 738
600 2549 662 2629 IV.
691 2552 737 2628 G.
765 2553 799 2628 6.
828 2569 873 2635 (Υ.
891 2569 940 2621 111.
957 2571 983 2622 a
1002 2585 1027 2621 n.
1041 2569 1094 2634 aa.)

129 2693 241 2754 chart.
264 2709 352 2754 saec.
374 2693 412 2756 X
416 2692 445 2754 V
451 2693 496 2775 ff.
522 2693 574 2766 62,
596 2693 676 2756 22·5
685 2697 717 2752 ><
729 2694 773 2757 16
795 2711 859 2757 cm.
881 2695 899 2756 1
925 2711 970 2756 m.

241 2812 429 2877 Sermones
452 2816 550 2894 varii,
573 2823 609 2879 ut
632 2817 752 2879 docent
773 2818 996 2891 allocutiones,
1021 2816 1093 2879 iere
1116 2833 1240 2879 omnes
1271 2817 1314 2878 ad
1345 2815 1533 2896 magistros

130 2906 168 2962 et
192 2900 339 2963 clericos
363 2901 482 2964 habiti.
507 2903 635 2984 Quibus
659 2906 945 2983 superscribuntur
967 2911 1129 2982 auctores,
1154 2905 1185 2964 hi
1209 2909 1303 2965 sunt:

242 3003 261 3066 i.
291 3008 323 3067 t·
347 3005 468 3069 Sermo
490 3005 612 3069 Jacobi
633 3007 676 3069 de
698 3007 790 3070 Misa
811 3011 905 3086 incip.
932 3007 1154 3069 »Pacienciam
1178 3007 1263 3067 habe
1287 3011 1321 3069 in
1343 3023 1425 3072 me.‹

242 3108 262 3169 i.
291 3111 346 3170 11·
368 3109 535 3173 Eiusdem
556 3127 675 3174 sermo
699 3117 812 3192 incip:
840 3110 972 3190 »Surge
995 3113 1069 3173 tolle
1092 3111 1263 3190 grabatum
1287 3117 1408 3172 tuum«

242 3211 263 3274 i.
291 3209 346 3275 12¹2
368 3211 534 3276 Eiusdem
556 3223 673 3277 sermo
695 3219 808 3294 incip:
836 3213 958 3279 »Cuius
981 3221 1033 3276 est
1053 3215 1116 3276 hec
1138 3219 1276 3294 imago«

243 3317 264 3378 l.
287 3316 347 3378 53Ιι
369 3316 414 3379 Μ.
437 3317 611 3380 Jobannis
634 3317 709 3380 llus
733 3319 864 3391 Sermo,
901 3335 1025 3397 »quem
1048 3319 1231 3398 proposuit
1253 3318 1367 3381 iacere
1390 3317 1428 3379 in
1450 3333 1534 3380 eon-

130 3403 215 3466 cilio
239 3402 523 3466 Constantiana«
548 3409 663 3484 incip:
703 3404 883 3467 »Dominus
906 3412 1018 3468 noster
1040 3406 1067 3467 J.
1102 3405 1197 3468 Cha«
1234 3405 1333 3485 (edici.
1368 3409 1400 3465 in
1437 3403 1532 3483 Oper.

130 3489 239 3553 Hussi
262 3489 282 3551 l.
305 3490 348 3552 52
372 3497 404 3552 et
425 3492 467 3551 ab
491 3489 613 3566 Hbller,
637 3489 752 3571 Script.
776 3491 798 3568 Ι,
822 3492 910 3570 298).

240 3597 278 3652 Ut
300 3600 386 3654 docet
408 3599 509 3655 tabula
531 3604 734 3656 contentorum
758 3603 788 3656 in
811 3601 949 3672 operculo
965 3615 1061 3672 super.
1082 3615 1171 3656 manu
1195 3615 1272 3657 saec.
1298 3597 1379 3655 XVII
1403 3605 1531 3665 exarata,

131 3692 162 3740 et
186 3683 236 3739 alii
259 3698 409 3741 sermones
430 3685 521 3742 Hussi
544 3692 573 3742 et
595 3701 745 3743 sermones
768 3701 844 3758 mag.
869 3687 943 3743 Petri
966 3689 1002 3742 de
1018 3685 1133 3759 Stupna
1156 3687 1226 3742 olim
1242 3688 1365 3754 iuerant,
1390 3687 1440 3758 qui
1456 3699 1535 3741 nunc

131 3773 243 3826 desunt
267 3773 368 3827 codice
390 3773 421 3827 in
444 3771 501 3828 fine
525 3775 667 3830 mutilato.
691 3771 811 3846 Eadem,
834 3779 868 3829 ut
889 3776 1012 3844 videtur,
1049 3789 1155 3830 manus
1189 3775 1285 3830 codici
1316 3773 1395 3829 hunc
1417 3771 1534 3828 titulum

131 3858 302 3929 inscripsit:
328 3857 504 3915 »Sermones
527 3861 769 3915 concionatorum
792 3863 1016 3932 praecipuorum
1050 3861 1080 3916 in
1114 3859 1263 3918 Boemia.‹
1311 3859 1422 3916 Ibidem
1446 3874 1535 3914 manu

131 3941 283 4087 &⁰2ng
305 3951 437 4001 notatum
460 3952 506 4001 est
527 3944 723 4002 Vaticinium
746 3947 784 4003 de
806 3959 905 4019 regno
928 3947 1100 4003 Bobemiee
1124 3945 1205 4018 Mgrl
1229 3945 1324 4006 Galli.
1349 3946 1442 4002 Vetus
1459 3947 1534 4015 sign.

162 4072 171 4100 ‚
243 4077 248 4088 .

243 4198 322 4280 739
630 4199 696 4277 Ν.
726 4200 769 4276 G.
800 4201 1090 4283 7.(Y.1.1.n.9.)

133 4339 247 4402 chari.
270 4355 355 4403 saec.
379 4337 467 4402 XIV
480 4339 520 4422 ff.
537 4339 588 4415 42,
611 4340 652 4404 21
669 4340 766 4421 ><14
790 4357 853 4403 cm.
877 4343 895 4403 1
912 4359 957 4403 m.

132 4460 280 4524 Arnesti
303 4459 557 4539 archiepiscopi
578 4459 767 4540 Prageusie
801 4459 939 4523 Statuta
970 4458 1202 4539 provincialia
1236 4476 1266 4521 a.
1303 4456 1388 4520 1349
1421 4457 1539 4520 addito

133 4548 227 4610 libro
249 4546 401 4609 'rhomae
423 4546 600 4609 Hibernici
624 4549 666 4610 de
687 4547 962 4697 tribuisalpiigrssctm
986 4545 1163 4625 religionis
1187 4545 1398 4609 christianae
1415 4559 1535 4606 essen·

247 4755 267 4818 i.
296 4758 327 4817 la
352 4758 477 4831 (rubr.:)
515 4757 646 4835 »Incipit
669 4757 823 4835 prologus
847 4771 947 4834 super
970 4760 1143 4818 statuta..
1167 4755 1202 4817 In
1225 4759 1358 4817 nomine
1381 4771 1408 4816 s,
1434 4761 1465 4816 et
1488 4759 1534 4816 in·

135 4845 202 4904 div.
227 4847 376 4905 trinit...
401 4843 563 4904 Amestus
587 4843 638 4904 dei
662 4849 694 4904 et
716 4847 821 4920 apost.
847 4843 937 4904 sedis
960 4845 1069 4922 gracia
1091 4859 1119 4904 s.
1156 4841 1245 4920 Prag.
1281 4844 1398 4906 eccles.
1422 4843 1538 4920 archy-

135 4933 334 5009 episcopus«
362 4931 394 4986 ><
418 4927 438 4991 1.
462 4929 520 4989 42⁸
545 4929 673 5008 (rabat)
697 4929 902 5008 »Expliciunt
924 4930 1133 5008 provincialia
1156 4929 1242 4990 edita
1264 4945 1284 4988 a
1307 4928 1394 4989 dom.
1420 4928 1539 5008 archy-

135 5020 296 5096 episcopo
321 5014 409 5078 dom.
434 5015 575 5077 Amesto
598 5015 787 5078 venerando
811 5031 837 5076 s.
863 5015 947 5095 Prag
968 5017 1141 5077 ecclesie«

815 5235 866 5290 293
