3830 5966
1079 521 1161 584 1233

525 724 622 807 1233
995 726 1080 801 VII.
1109 727 1151 802 B.
1183 727 1216 802 7.

418 849 527 911 chart.
551 867 637 912 saec.
660 849 730 912 XV
739 847 788 929 ff.
811 849 877 912 368
900 867 1002 926 natm„
1026 851 1067 912 31
1084 851 1170 912 ><22
1195 869 1256 914 cm.
1280 851 1298 913 1
1325 869 1370 912 m.
1395 869 1474 912 cum
1497 850 1569 912 init.
1588 849 1665 930 pict.

417 967 600 1048 Expositio
622 971 870 1035 Parabolarum
893 971 1092 1034 Salomonis
1114 987 1226 1050 usque
1248 971 1292 1034 ad
1316 987 1390 1050 cap.
1412 969 1578 1032 XXle.
1602 969 1633 1032 9.
1657 987 1740 1032 curn
1763 985 1825 1031 no-

417 1057 465 1120 tis
489 1058 738 1136 marginalibus
761 1058 881 1120 latinis
904 1063 940 1120 et
984 1057 1093 1120 lossis
1115 1058 1309 1121 bohemicis
1335 1055 1617 1120 interlinearibus
1641 1063 1678 1118 et
1700 1056 1824 1135 margi·

588 1145 734 1208 nalibus
760 1138 927 1224 (Piislovi
974 1145 1208 1208 alamounova
1231 1163 1249 1206 s
1273 1141 1433 1224 beskymi
1454 1142 1650 1223 glossami.)

528 1251 680 1323 Operculis
705 1255 834 1326 adligata
858 1261 927 1309 sunt
951 1255 1112 1325 fragmenta
1135 1255 1294 1311 membran.
1318 1254 1429 1309 codicis
1465 1252 1593 1322 liturgici
1628 1267 1709 1310 saec.
1746 1251 1822 1309 XIII.

418 1337 463 1394 Ex
486 1339 556 1396 bibl.
580 1341 696 1411 collegii
720 1341 750 1399 S.
774 1340 799 1398 J.
821 1339 1063 1413 Neo-Pragensis.

524 1488 621 1570 1234
983 1491 1068 1566 VII.
1096 1491 1141 1566 B.
1168 1491 1204 1566 8.

418 1629 526 1692 chart.
548 1647 637 1693 saec.
660 1627 730 1692 XV
748 1631 792 1696 in.
816 1634 914 1712 (pars
936 1649 967 1692 a.
993 1630 1091 1710 1401)
1105 1629 1155 1710 sf.
1178 1630 1254 1706 274,
1276 1631 1446 1694 29·5><21
1471 1647 1535 1690 cm.
1558 1629 1590 1692 d.
1615 1647 1660 1690 m.

523 1750 542 1812 1.
571 1751 707 1814 1·-811
731 1755 889 1827 (anepigr.)
913 1752 946 1814 S.
970 1751 1239 1815 Bouaventurae
1260 1751 1385 1813 Diaeta
1407 1750 1543 1813 salutis.
1571 1749 1659 1812 »Hec
1684 1757 1737 1811 est
1760 1755 1822 1822 via,

418 1838 581 1899 ambulate
605 1843 637 1900 in
660 1855 716 1899 ea«
745 1839 783 1916 ><
809 1838 829 1900 1,
855 1833 913 1899 73b
939 1840 1060 1917 »gloria
1094 1839 1156 1912 dei,
1191 1855 1255 1918 que
1279 1845 1330 1901 est
1352 1838 1486 1912 infinita,
1521 1837 1564 1897 ad
1598 1853 1721 1916 quamc
1762 1843 1821 1897 etc.

417 1924 550 2003 Ineptus
574 1926 681 1986 scriba
703 1924 828 1986 addidit
849 1929 939 1986 varia
962 1931 1117 2005 excerpta
1139 1927 1332 2004 theologica,
1364 1926 1485 2004 quibus
1509 1924 1672 1985 absolutis
1697 1923 1719 1984 1.
1745 1919 1821 1984 8οῑ

421 2015 597 2090 »incipiunt
619 2014 768 2090 capitalia
791 2013 866 2091 (sic)
890 2017 1047 2074 tractatus
1072 2012 1164 2074 Dicte
1188 2012 1342 2084 salutis«;
1378 2011 1496 2073 deinde
1530 2010 1550 2072 1.
1585 2011 1662 2072 81²:
1712 2009 1822 2072 »Finis

417 2097 513 2159 adest
535 2103 653 2177 operis,
678 2097 862 2159 mercedem
886 2115 991 2177 posco
1015 2101 1145 2161 laboris
1177 2097 1330 2177 Scriptori
1353 2116 1412 2178 pro
1436 2114 1545 2177 penna
1569 2097 1663 2158 detur
1687 2097 1823 2175 pulchra

418 2187 553 2263 puella«

520 2271 540 2332 1.
565 2267 727 2333 811-811
751 2269 862 2334 Notae
885 2271 1074 2333 historicae
1096 2271 1299 2334 Bohemiam
1318 2269 1822 2333 a.1342—89concernentes.

521 2357 541 2419 1.
566 2353 747 2422 811-194·
787 2357 980 2421 Innocentii
1020 2375 1130 2436 papae
1170 2357 1218 2420 1v
1252 2357 1360 2436 (recte
1390 2357 1543 2420 'rhomae
1573 2359 1616 2417 de
1646 2355 1821 2433 Gabbam)

416 2443 560 2505 Summa
583 2445 624 2507 de
646 2445 868 2523 poenitentia.
918 2443 1021 2507 »Cum
1056 2449 1289 2507 miseraciones
1326 2445 1468 2508 domini«
1497 2445 1536 2520 ><
1564 2441 1652 2505 »Hec
1689 2459 1822 2504 summa

416 2537 559 2592 tractans
584 2531 624 2592 de
647 2536 715 2592 iure
740 2535 899 2593 canonico
931 2533 1018 2592 edita
1048 2549 1156 2610 per..
1178 2531 1437 2594 ‚Innocencium
1461 2547 1582 2609 papam
1605 2530 1630 2592 ii
1653 2529 1750 2590 finita
1773 2539 1822 2590 est

416 2615 571 2678 Budweis
596 2634 653 2697 per
675 2618 762 2680 dom.
787 2617 995 2680 Benessium
1018 2617 1060 2680 de
1083 2618 1246 2681 Budweis
1268 2618 1388 2679 ibidem
1413 2622 1563 2697 proxima
1596 2615 1652 2678 ier.
1678 2613 1723 2678 VI
1747 2626 1821 2677 ante

417 2703 508 2766 Oculi
533 2709 619 2766 etin
642 2704 727 2767 testo
751 2706 979 2766 translacionis
1015 2721 1041 2766 s.
1065 2704 1254 2766 Wenceslai
1274 2753 1281 2767 .
1302 2753 1308 2765 .
1329 2754 1336 2767 .
1355 2721 1444 2766 nono
1480 2705 1543 2765 hal.
1579 2705 1656 2776 (sic)
1695 2709 1820 2764 mensis

416 2789 526 2852 Marcii
550 2807 637 2852 anno
664 2790 765 2852 1401«
791 2792 911 2871 (codex
945 2792 1046 2852 habet
1071 2791 1154 2853 1400
1176 2797 1208 2853 et
1232 2795 1350 2854 lineam
1388 2796 1572 2852 atramento
1595 2791 1734 2862 illitam).

520 2877 541 2937 1.
569 2877 768 2939 195·-2381
795 2877 925 2939 »Bibiia
947 2883 1110 2942 curtata«

520 2964 540 3026 i.
567 2960 1246 3044 2382—271b(anepigr.)liartyroiogium
1271 2981 1328 3044 per
1350 2965 1504 3025 circulum
1530 2967 1617 3025 anni.

519 3050 540 3113 1.
565 3047 770 3113 2711-2731
792 3049 895 3112 Notae
920 3052 1092 3113 historicae
1114 3069 1135 3113 a
1158 3051 1287 3130 Pelagio
1318 3067 1404 3130 papa
1437 3065 1545 3129 usque
1581 3049 1624 3110 ad
1658 3049 1820 3112 Innocen-

416 3141 495 3197 tium
518 3137 570 3199 lV.

519 3224 539 3286 i.
564 3220 768 3285 2732-273b
792 3223 904 3286 Notae
927 3224 1117 3287 historicae
1133 3224 1319 3302 praecipue
1335 3221 1539 3286 Bohemiam
1555 3241 1586 3286 a.
1605 3221 1816 3284 1240-1351

415 3317 678 3373 concernentes.

519 3397 540 3460 i.
564 3393 765 3460 2731-2741
791 3395 907 3459 Sermo
931 3398 972 3458 de
996 3397 1201 3459 dedicatione
1223 3401 1256 3458 in
1280 3397 1345 3458 fine
1369 3413 1518 3457 mancus,

524 3488 662 3545 Codicem
686 3489 765 3544 hunc
789 3503 902 3546 recens.
924 3487 1054 3556 Schulte,
1079 3488 1192 3543 Canon.
1216 3487 1326 3545 Hdsch.
1351 3504 1379 3558 p.
1406 3485 1455 3542 33.
1480 3487 1516 3547 Α,
1546 3487 1627 3542 1609
1645 3489 1744 3542 codex
1761 3495 1819 3542 erat

416 3573 486 3630 bibl.
509 3573 752 3645 Rosenbergicae‚
773 3577 881 3631 deinde
905 3581 1031 3630 monast.
1056 3571 1262 3630 Tiebonensis.

521 3723 616 3804 1235
979 3724 1064 3800 VII.
1099 3725 1136 3799 B.
1165 3725 1200 3798 0.

413 3864 524 3927 chari.
545 3881 634 3927 saec.
656 3863 764 3928 XVII
782 3865 891 3941 (circa
914 3865 1012 3943 1055)
1032 3863 1073 3948 ff.
1096 3865 1162 3928 488
1184 3883 1290 3941 num„
1311 3865 1350 3927 31
1367 3863 1455 3927 ><19
1477 3881 1541 3927 cm.
1563 3864 1581 3927 1
1607 3883 1653 3927 m.

413 3982 641 4060 Breviarium,
676 3995 711 4046 ut
733 3985 935 4064 praecedens
958 3985 1179 4047 calendarium
1203 3985 1344 4046 indicare
1378 3986 1516 4058 videtur,
1550 3985 1586 4046 io
1621 4003 1728 4048 usum
1763 4003 1817 4064 pa·

887 4077 981 4134 trum
1004 4071 1037 4133 S.
1057 4070 1088 4133 J.
1113 4071 1346 4149 compilatum.

522 4192 595 4251 Cum
619 4197 719 4251 tabula
742 4195 882 4252 festorum
906 4197 1059 4253 mobilium
1083 4197 1157 4252 libro
1181 4197 1343 4268 praemissa
1366 4198 1404 4252 ab
1427 4213 1455 4254 a.
1484 4197 1564 4252 1655
1589 4197 1723 4269 incipiat,
1741 4213 1817 4252 anno

414 4281 517 4336 eodem
540 4280 589 4336 vel
611 4284 800 4353 praecedente
824 4287 918 4339 codex
943 4290 1081 4339 exaratus
1105 4298 1172 4339 esse
1195 4283 1317 4340 videtur.
1342 4284 1410 4339 Sine
1434 4285 1553 4338 dubioe
1571 4283 1644 4341 bibl.
1661 4285 1818 4340 cuiusdam

414 4367 529 4438 collegii
553 4366 583 4424 S.
607 4368 631 4426 1,
657 4370 686 4423 in
711 4369 862 4426 Bohemia.

519 4484 613 4566 1236
965 4485 1050 4562 VII.
1078 4488 1121 4562 B.
1150 4487 1209 4562 10.

413 4607 520 4670 chori.
545 4625 578 4670 a.
601 4607 686 4671 1451
697 4609 743 4691 ff.
768 4609 841 4686 632,
863 4609 903 4671 31
922 4615 951 4664 ><
969 4609 1012 4671 22
1036 4627 1099 4670 cm.
1123 4611 1203 4671 lm.

696 4729 978 4794 Commentarius
1001 4728 1038 4791 in
1061 4730 1279 4808 evangelium
1303 4731 1336 4794 S.
1358 4729 1542 4792 Iohannis

517 4832 537 4896 1
567 4835 599 4893 l
627 4831 735 4894 Beda
769 4849 869 4912 super
901 4831 1051 4894 Iohanne
1095 4836 1238 4895 similiter
1272 4841 1304 4895 et
1337 4833 1563 4913 Augustinus
1604 4835 1705 4911 ><1.
1683 4831 1819 4898 1632ι

418 4923 562 4981 »cunctis
587 4919 737 4981 fidelibus
762 4923 862 4996 salue,
887 4919 1053 4999 adquam
1078 4937 1141 4982 nos
1165 4920 1307 4983 deducat
1330 4927 1390 4982 etc.
1437 4918 1578 4981 Finitum
1603 4937 1692 5000 opus
1715 4931 1816 4986 esta

415 5006 446 5068 d.
472 5002 555 5068 1457
579 5005 710 5067 sextas
709 5023 752 5068 er.
777 5011 853 5086 post
875 5006 996 5068 testum
1021 5012 1168 5068 omnium
1192 5013 1412 5069 sanctorum.

1088 5231 1140 5280 480
