3844 5968
1059 525 1123 587 215

934 611 979 620 -υ

498 733 517 794 i.
543 727 748 793 2232-29312
776 729 1010 810 Quaestiones
1045 731 1164 794 variae
1197 732 1234 793 in
1266 733 1375 795 libros
1410 733 1663 797 sententiarum
1696 735 1790 799 Petri

386 816 572 881 Lombardl
595 819 808 896 (indigestum
833 835 918 896 opus
941 817 1007 880 fine
1031 823 1172 892 carens).

495 906 514 968 i.
540 903 744 966 2942-294l
770 905 939 983 Expositio
974 905 1179 984 quarundam
1210 923 1329 967 vocum
1362 907 1532 968 latinarum
1556 909 1664 974 latina.
1687 915 1790 972 conti-

385 999 485 1054 nuata
507 997 539 1052 in
563 992 583 1053 i.
607 991 680 1053 310.

494 1079 514 1140 i.
539 1079 602 1140 295
627 1077 750 1139 Divisio
774 1079 926 1139 librorum
949 1082 1118 1155 utriusque
1140 1083 1335 1140 testamenti.

492 1165 512 1227 i.
538 1165 601 1227 296
625 1163 757 1243 Glossy
779 1161 885 1227 desire
909 1162 1057 1225 sebrane'.
1093 1164 1146 1225 »ln
1170 1171 1345 1243 pretorium
1370 1167 1413 1227 do
1438 1168 1540 1229 domu
1564 1169 1710 1230 radneho
1734 1173 1784 1230 vei

382 1269 425 1313 Μ
449 1255 739 1402 ‘affugere-soah
764 1344 795 1398 et
810 1336 1016 1398 siu-saar
1047 1336 1223 1399 vocabula
1254 1337 1378 1400 ararica
1409 1339 1584 1417 explicata
1613 1347 1649 1403 et
1679 1343 1782 1405 bone-

381 1425 470 1489 mice
492 1426 648 1504 glossata
671 1423 942 1504 (Mammotrekt,
974 1423 1013 1484 cl.
1038 1419 1165 1497 Honos,
1190 1423 1355 1504 Dodavky
1378 1423 1413 1500 11,
1442 1429 1482 1501 l),
1506 1444 1573 1489 non
1598 1429 1782 1490 secundum

379 1513 590 1590 alphabetum
613 1512 673 1574 sed
698 1510 881 1572 secundum
906 1512 1053 1572 ordinem
1077 1511 1247 1572 bibliorum
1272 1513 1408 1590 digesta.

488 1599 507 1661 i.
540 1599 621 1661 309Ιι
652 1605 683 1660 et
716 1595 796 1659 3221’
832 1598 1052 1675 Allegationes
1087 1595 1343 1659 wiclefistarum
1384 1600 1425 1659 de
1475 1601 1704 1662 combustione
1750 1611 1782 1664 et

378 1685 419 1745 de
443 1687 736 1834 ϋθι9013294599
761 1769 957 1833 »Vocabula
979 1786 1088 1848 super
1109 1770 1290 1848 evangelia
1313 1776 1347 1833 et
1360 1729 1561 1849 epistolas«.
1580 1773 1633 1835 »ln
1649 1792 1777 1855 ewang.

375 1855 453 1922 Mat.
479 1862 594 1939 legitur
612 1909 618 1922 .
639 1911 644 1920 .
665 1907 672 1921 .
692 1857 848 1920 Osanna«
875 1859 907 1915 ><
934 1863 985 1918 »et
1008 1859 1080 1918 talis
1103 1862 1289 1918 comutacio
1313 1859 1429 1919 dicitur
1444 1866 1687 1922 commercium.
1712 1861 1779 1923 Ex-

375 1946 461 2024 plicit
483 1948 546 2008 hoc
578 1953 690 2012 totum.
726 1945 860 2007 infunde
892 1949 1047 2016 mustum,
1083 1944 1126 2004 da
1148 1945 1225 2004 mihi
1249 1949 1372 2022 potum.
1397 1945 1431 2008 ln
1454 1949 1562 2024 vigilia
1583 1945 1711 2009 Martini
1736 1951 1775 2010 de

374 2039 485 2095 musto
508 2032 545 2094 fit
568 2039 644 2096 tunc
669 2032 745 2095 boni
768 2035 851 2092 vini«
878 2035 965 2104 (sic).

482 2119 503 2182 i.
527 2115 633 2181 359b-
652 2118 733 2180 427·
756 2116 989 2197 Quaestiones
1019 2113 1076 2176 IV.
1109 2115 1188 2177 libri
1211 2117 1476 2179 sententiarum.
1504 2118 1673 2198 »Queritu'r
1696 2123 1774 2198 quid

373 2211 413 2267 sit
436 2214 597 2268 caracter«
628 2212 662 2280 ><
693 2211 840 2285 »propter
863 2205 1077 2282 replecionem
1101 2219 1283 2282 corporum.
1309 2203 1349 2264 Et
1373 2208 1419 2264 sic
1444 2211 1495 2265 est
1517 2205 1622 2267 finis«

479 2313 512 2370 ln
534 2314 615 2385 ligno
639 2315 720 2369 nudo
743 2312 872 2385 operculi
895 2326 992 2383 super.
1017 2312 1176 2366 adnotatus
1199 2317 1243 2366 est
1267 2311 1355 2368 index
1383 2319 1600 2371 contentorum.
1617 2313 1720 2370 Codex
1744 2333 1773 2371 a.

374 2402 455 2458 1609
480 2401 674 2457 bibliothecae
697 2400 939 2469 Rosenbergicae,
961 2404 1067 2468 postea
1089 2403 1216 2453 monast.
1240 2395 1438 2455 Tlebonensis
1462 2406 1532 2454 erat.

472 2585 544 2668 215
976 2584 1006 2658 I.
1035 2583 1077 2659 E.
1104 2583 1168 2658 30.

369 2731 476 2794 caari.
499 2746 584 2792 saec.
608 2725 675 2790 XV
693 2725 790 2807 (pars
812 2742 845 2785 a.
868 2722 968 2803 1468)
983 2723 1024 2806 ff.
1046 2722 1120 2798 364,
1143 2721 1287 2784 21><15
1307 2740 1371 2785 cm.
1395 2723 1427 2785 d.
1451 2741 1496 2786 m.

475 2852 496 2912 t.
525 2845 642 2912 1-37t
666 2846 765 2910 Pauli
786 2845 916 2910 Wanni
938 2845 1139 2918 (Sermones
1163 2844 1226 2905 sub
1242 2847 1366 2918 titulo:)
1394 2843 1620 2908 »Tractatulus
1637 2849 1678 2910 de
1695 2868 1767 2929 pre-

367 2942 556 3001 servacione
586 2937 728 2998 hominis
752 2952 772 2994 a
795 2937 939 3012 peccato,
973 2929 1087 2994 1468«.
1117 2929 1288 2991 »Miserere
1305 2937 1413 2994 anime
1435 2938 1487 2994 tue
1509 2981 1514 2996 .
1535 2984 1540 2995 .
1562 2933 1763 2998 ‚Summum

366 3027 530 3088 studium.
565 3071 571 3084 ,
604 3070 611 3084 ,
645 3024 709 3082 ,Χ
737 3020 938 3098 »Expliciunt
960 3019 1047 3080 dicta
1062 3017 1102 3078 de
1119 3019 1392 3096 temptacionibus
1410 3018 1540 3098 dyaboli
1556 3031 1588 3082 et
1611 3025 1763 3084 remediis

365 3115 451 3175 edita
481 3129 538 3191 per
567 3127 652 3188 mag.
687 3125 752 3170 rev.
784 3107 919 3167 Paulum
957 3110 989 3166 in
1020 3104 1166 3178 pattavia
1183 3123 1223 3162 z
1237 3103 1377 3178 Passau)
1409 3123 1568 3186 sacraque
1601 3109 1761 3188 theoogie

364 3200 613 3279 professorem«

471 3303 492 3364 i.
515 3295 677 3363 382-56l
711 3295 904 3359 »Secundus
927 3301 1082 3356 tractatus
1106 3293 1146 3354 de
1169 3295 1298 3372 gaudiis
1330 3295 1519 3358 beatorum«
1547 3300 1580 3355 ><
1606 3299 1694 3361 »Hac
1719 3304 1763 3362 de

361 3390 492 3470 gaudiis
517 3389 685 3449 beatorum
709 3383 932 3457 exterioribus,
955 3383 1159 3442 interioribus
1183 3385 1215 3441 et
1237 3382 1490 3459 superioribus«

470 3493 490 3554 i.
514 3486 676 3552 572-66b
704 3486 927 3548 »Tractatulus
950 3489 1069 3546 tercius
1093 3483 1133 3544 de
1157 3487 1251 3562 penis
1276 3487 1589 3563 transgrediencium
1607 3500 1760 3570 precepta

361 3582 506 3657 decalogi
551 3583 584 3638 in
607 3575 815 3636 sermonibus
838 3577 934 3634 certis
956 3571 1237 3650 comprehensus«
1263 3573 1296 3628 ><
1321 3571 1479 3651 »Explicit
1503 3577 1693 3638 tractatulus
1718 3579 1757 3638 de

361 3671 455 3746 penis
478 3664 610 3728 insemi«
636 3669 696 3723 etc.

468 3751 487 3814 i.
513 3743 676 3812 672—-70b
703 3747 770 3808 »De
794 3749 997 3825 purgatorio«
1026 3745 1057 3799 Χ
1084 3741 1241 3820 »Explicit
1264 3749 1400 3805 materia
1423 3746 1463 3806 de
1487 3751 1581 3825 penis
1596 3749 1710 3812 interni
1727 3759 1758 3811 et

359 3841 530 3919 purgatorii
562 3837 735 3914 compilata
765 3849 821 3912 per
851 3849 915 3894 rev.
951 3847 1036 3908 mag.
1060 3828 1206 3890 Paulum
1229 3829 1382 3892 Wanum
1413 3849 1571 3912 sacraque
1596 3837 1756 3916 theologie

358 3927 599 4006 professorem«
625 3929 685 3983 etc.

464 4031 503 4088 Ut
524 4033 648 4097 videtur,
680 4043 782 4084 omnes
816 4040 966 4081 sermones
1000 4025 1152 4094 hucusque
1182 4025 1326 4092 recensiti,
1358 4043 1432 4097 quos
1463 4029 1561 4084 scriba
1583 4033 1639 4086 sub
1663 4033 1755 4088 titulis

355 4126 533 4176 tractatuum
561 4116 790 4187 comprehendit,
823 4119 893 4168 sunt
926 4110 967 4166 M.
1003 4109 1084 4166 Pauli
1115 4107 1237 4178 wenni,
1273 4111 1397 4168 fortasse
1428 4117 1514 4170 etiam
1539 4118 1673 4174 nonnulli
1708 4135 1757 4174 se·

354 4213 485 4349 quentess:
507 4281 689 4346 71¹-l2ssb
711 4283 899 4345 sermones
922 4281 963 4341 de
987 4279 1142 4340 fraterna
1165 4281 1390 4354 correctione,
1423 4283 1463 4344 de
1487 4283 1699 4348 confessione
1722 4297 1754 4350 et

353 4380 717 4522 contritionem-147¹,
741 4456 929 4518 Sermones
959 4453 1004 4514 de
1034 4450 1183 4514 ecclesia
1213 4457 1247 4513 et
1281 4457 1528 4519 communione
1560 4467 1750 4538 praesertim

350 4549 512 4609 adversus
536 4544 702 4606 Bobemos
724 4543 916 4604 haereticos

459 4633 479 4694 i.
507 4633 566 4693 148
592 4629 846 4692 »loramentum
868 4622 1092 4705 perfidissimi
1116 4621 1256 4702 Georgii
1286 4627 1327 4689 de
1359 4627 1596 4694 Podiebrath.«
1630 4633 1750 4697 Instru-

304 4779 311 4790 ,
350 4725 495 4780 mentum
526 4718 612 4797 publ.
644 4717 778 4778 Protasii
809 4718 900 4774 electi
931 4711 1161 4772 Olomucensis
1194 4712 1306 4774 datum
1339 4715 1460 4796 Pragae
1491 4717 1520 4779 6.
1554 4726 1629 4782 maii
1657 4723 1748 4789 1458,

348 4811 513 4885 copiatum
539 4802 621 4864 1468
645 4809 677 4864 et
699 4804 802 4864 codici
825 4801 1003 4877 inligatum.

455 4891 475 4952 i.
504 4887 704 4951 149·’-158”
727 4889 867 4950 Aeneae
896 4883 997 4947 silvii
1020 4881 1169 4960 epistola
1192 4886 1234 4946 ad
1256 4888 1429 4952 Joannem
1454 4892 1545 4954 card.
1569 4911 1597 4955 s.
1621 4895 1748 4974 Angeli

347 4979 389 5040 de
412 4979 517 5040 rebus
540 4975 730 5039 bohemicis
753 4974 832 5037 data
853 4972 915 5034 XII
936 4970 1005 5031 kal.
1030 4970 1122 5046 Sept.
1148 4972 1241 5036 1451.

1027 5193 1061 5243 82
