3844 5968
1033 500 1092 563 391

471 703 541 785 391
817 706 890 782 III.
918 705 965 782 A.
993 709 1028 782 6.
1044 725 1089 790 (x.
1107 727 1128 777 1.
1147 725 1171 776 r.
1190 741 1216 777 η.
1236 726 1273 790 c.)

369 844 475 908 chart.
498 862 586 908 saec.
609 843 680 907 XV
695 841 733 930 ff.
757 845 830 924 184,
852 847 894 909 31
907 846 995 910 ><22
1017 865 1082 910 m.
1106 850 1124 911 1
1149 866 1194 910 m.

476 983 497 1044 1.
525 982 682 1046 12-1342
705 987 863 1061 (anepigr.)
886 985 930 1048 M.
953 986 1127 1050 Johannis
1149 987 1225 1050 Hus
1247 985 1393 1051 Postilla
1415 1004 1521 1066 super
1543 987 1714 1066 epistolas
1730 993 1767 1050 et

368 1069 549 1148 evangelia
580 1087 642 1148 per
674 1071 843 1134 circulum
877 1073 961 1134 anni
990 1091 1070 1136 curn
1091 1073 1223 1153 glossis
1246 1074 1448 1137 bohemicis
1481 1073 1598 1136 »Dom
1621 1073 1632 1136 Ι
1655 1079 1687 1136 in
1710 1075 1766 1136 ad-

368 1162 478 1219 ventu.
510 1158 689 1236 Apostolus
719 1163 751 1221 in
783 1165 924 1238 presenti
947 1162 1053 1223 iubet«
1079 1163 1113 1220 ><
1138 1167 1189 1223 »et
1212 1165 1288 1223 sicci
1312 1179 1333 1223 a
1355 1163 1462 1222 calore
1485 1162 1675 1223 adurente.‹
1702 1160 1765 1241 (Ci.

368 1244 442 1305 cod.
465 1242 488 1306 Ι.
512 1242 548 1307 C.
572 1244 613 1305 27
638 1251 670 1306 et
691 1245 739 1308 111.
763 1246 800 1308 B.
824 1247 870 1322 3.)

476 1347 498 1409 1.
538 1347 739 1408 1352-137·
773 1347 894 1411 Sermo
929 1351 971 1412 de
994 1351 1222 1413 dedicatione.
1261 1351 1444 1430 »Egressus
1477 1351 1575 1412 Jesus
1601 1396 1609 1412 .
1635 1401 1642 1413 .
1669 1351 1765 1414 .Iarn

370 1438 490 1495 nostris
513 1435 734 1512 temporibus«
761 1437 793 1494 ><
819 1437 928 1516 »quod
951 1437 1057 1500 iactus
1080 1444 1132 1499 est
1153 1455 1212 1517 pro
1235 1440 1342 1512 nobis,
1367 1443 1441 1517 qui«
1468 1444 1527 1499 etc.

476 1538 498 1599 f.
526 1537 727 1601 1372-139a
749 1539 907 1619 (anepigr.)
930 1540 974 1604 M.
995 1541 1170 1604 Johannis
1199 1542 1275 1604 ilus
1305 1541 1494 1605 Sermones
1516 1542 1585 1603 duo
1608 1543 1650 1604 de
1674 1541 1767 1604 dedi·

369 1624 516 1687 catione.
542 1624 704 1686 »Historia
734 1633 895 1704 presentis
918 1631 1094 1707 evangeiii«
1123 1627 1151 1691 ><
1180 1633 1233 1690 »in
1256 1631 1396 1690 ecclesia
1420 1630 1669 1708 triumphante«
1706 1627 1763 1691 Se·

368 1716 732 1872 ῗυὲυῑὲειῖτηὲὃδζιξετ
758 1711 881 1774 »Hodie
904 1719 937 1776 in
961 1715 1061 1777 domo
1085 1721 1141 1776 tua
1163 1719 1291 1794 oportet
1312 1733 1365 1776 me
1395 1733 1559 1778 manere«
1591 1714 1656 1797 (ci.
1691 1715 1767 1776 cod.

475 1901 496 1964 i.
524 1898 720 1964 139t-140·
740 1900 844 1966 Notae
868 1905 1069 1984 theologicae
1091 1910 1210 1967 variae.

475 2005 495 2068 1.
523 2001 718 2069 141·-143“’
742 2011 900 2084 (anepigr.)
922 2008 1103 2072 Tractatus
1126 2007 1408 2088 deVIIpeccatis
1432 2009 1638 2073 mortalibus
1655 2009 1766 2088 (etiam

368 2094 537 2155 bohemice
554 2097 745 2174 expressis).
771 2094 950 2175 »Superbia
972 2103 1023 2158 est
1046 2100 1220 2158 maioracio
1244 2114 1286 2158 ex
1309 2101 1438 2176 proprio
1461 2097 1605 2159 honore«
1621 2099 1655 2154 ><
1671 2097 1767 2157 »iliud

368 2185 494 2260 oportet
516 2181 651 2243 iacere«

475 2283 495 2346 i.
525 2283 722 2349 14312-146·
753 2285 785 2350 S.
815 2285 1002 2366 Augustini
1033 2286 1076 2348 ad
1105 2287 1248 2350 Petrum
1279 2286 1465 2348 diaconum
1495 2285 1583 2348 liber
1616 2287 1659 2348 de
1689 2285 1767 2349 lide.

371 2369 588 2433 »Firmissime
611 2378 704 2434 tene«
732 2371 761 2438 ><
791 2375 892 2435 »deus
915 2375 957 2435 illi
980 2376 1142 2436 revelavit.
1167 2373 1237 2436 Hec
1259 2375 1344 2453 Aug.
1369 2373 1484 2435 doctor
1506 2378 1687 2452 egregius«

475 2474 497 2536 i.
524 2473 725 2539 1461-184δ
748 2481 906 2553 (anepigr.)
935 2477 982 2540 M.
1010 2477 1183 2541 Johannis
1213 2478 1290 2540 ilus
1321 2476 1509 2540 Sermones
1540 2477 1769 2540 dominicales

367 2562 409 2622 ab
432 2561 584 2625 adventu
606 2580 717 2641 usque
747 2565 791 2626 ad
820 2564 1031 2627 dominicam
1063 2564 1107 2626 111
1129 2569 1211 2642 post
1238 2565 1322 2626 trin.
1349 2563 1419 2624 »Ad
1442 2569 1473 2624 te
1496 2566 1599 2625 levavi
1623 2569 1768 2625 animam

368 2665 475 2708 rnearn
501 2697 508 2710 .
533 2697 540 2710 .
566 2699 572 2710 .
595 2648 784 2712 Notandum
808 2655 921 2731 primo,
957 2655 1030 2730 quis
1060 2654 1162 2713 levat«
1191 2653 1223 2714 Χ
1249 2659 1300 2712 ·et
1328 2655 1361 2712 in
1394 2650 1606 2712 defensione«
1644 2654 1768 2725 (cetera

368 2734 489 2796 desunt
511 2737 620 2798 multis
643 2736 728 2799 foliis
752 2741 895 2812 excisis).
922 2736 970 2799 De
993 2744 1125 2799 auctore
1149 2737 1190 2799 cl.
1217 2739 1289 2800 cod.
1314 2737 1354 2798 X.
1379 2737 1418 2800 H.
1448 2737 1494 2799 13.

367 2944 394 2999 V
475 2859 599 2916 Pretium
621 2861 687 2917 libn'
710 2877 788 2919 saec.
800 2861 857 2917 XV
871 2865 901 2918 in
917 2864 1056 2934 operculo
1068 2877 1165 2932 super.
1182 2867 1372 2918 annotatum:
1399 2877 1470 2934 »pro
1486 2878 1547 2917 una
1562 2876 1625 2919 sex.
1644 2877 1760 2933 gross«

396 2952 460 3002 ctus
483 2949 559 3018 sign.
582 2947 617 3016 A,
641 2947 693 3005 44.

473 3149 554 3231 392
814 3151 886 3226 III.
914 3148 961 3225 A.
992 3151 1025 3226 7.
1043 3165 1087 3230 (Y.
1105 3166 1127 3216 1.
1147 3166 1170 3217 4.
1190 3181 1216 3218 n.
1235 3167 1271 3231 7.)

368 3289 475 3356 chart.
499 3310 533 3352 a.
557 3289 642 3354 1404
665 3294 695 3352 ci
716 3290 802 3353 1390
811 3291 859 3372 ff.
882 3289 948 3354 183
969 3308 1073 3366 niem„
1095 3290 1174 3352 295
1184 3289 1270 3351 ><22
1291 3307 1354 3351 cm.
1376 3288 1398 3351 2
1420 3307 1465 3352 m.

475 3411 496 3472 i.
525 3411 667 3474 1ν-179α
688 3411 887 3475 Johannicii
917 3411 1176 3493 (Carbonistae)
1207 3410 1361 3474 doctoris
1391 3411 1599 3474 Sermonum
1622 3409 1769 3473 domini-

368 3497 495 3560 calium
518 3499 560 3560 de
583 3504 739 3577 tempore
762 3516 846 3577 pars
869 3499 1049 3562 aestivalis
1072 3503 1174 3573 (initio
1198 3497 1339 3576 carens).
1366 3496 1452 3559 »Iam
1475 3503 1602 3573 sanata,
1626 3499 1681 3559 uhi
1699 3499 1768 3558 nul-

369 3585 431 3645 lius
454 3590 578 3663 peccati
609 3587 737 3647 macula
770 3590 927 3648 tinxerat«
952 3587 988 3663 (i.
1016 3583 1049 3650 lb
1074 3587 1288 3647 rubricatum:
1312 3586 1364 3646 hic
1389 3601 1464 3662 pars
1488 3585 1637 3646 secunda
1660 3600 1768 3662 usque

369 3672 411 3731 ad
435 3669 548 3746 finem)
571 3675 605 3732 ><
631 3671 787 3751 »Explicit
808 3673 887 3734 liber
909 3673 1017 3734 bonus
1041 3678 1073 3734 et
1095 3675 1180 3734 utilis
1204 3675 1348 3750 magistri
1365 3669 1558 3734 Carboniste
1575 3688 1632 3749 per
1647 3687 1768 3732 manus

369 3757 498 3819 Mathie
528 3759 602 3819 dicti
635 3760 765 3837 (lacuna
795 3760 940 3821 radendo
963 3759 1062 3834 iacta)
1085 3761 1127 3821 de
1150 3756 1311 3820 Skutecz.
1341 3758 1493 3836 inceptus
1518 3758 1658 3819 scribere
1682 3775 1710 3818 a.
1736 3757 1768 3816 d.

374 3843 454 3905 1403
488 3849 574 3907 circa
606 3844 726 3906 festum
762 3863 789 3906 a
821 3845 1007 3908 Wenceslai
1042 3852 1074 3907 et
1103 3845 1215 3906 finitus
1238 3842 1356 3923 (140)4
1376 3861 1464 3905 anno
1488 3849 1638 3922 proxima
1659 3842 1716 3904 ier.
1739 3841 1769 3901 V

369 3937 445 4010 post
467 3929 587 3992 festum
611 3950 637 3993 s.
661 3931 734 3994 Viti.
758 3933 787 3993 A
811 3937 846 4012 ty
868 3933 999 4013 teiuiiye
1023 3933 1136 3994 oblecz
1160 3931 1213 4011 iye
1236 3950 1268 3992 w
1291 3932 1450 3992 kabatecz
1472 3947 1531 4009 pro
1554 3930 1737 3991 finalibus.‹

477 4051 497 4114 i.
526 4050 726 4115 1801-183δ
751 4052 874 4115 Decem
897 4059 1069 4132 praecepta
1093 4053 1239 4130 decalogi
1262 4057 1294 4112 et
1310 4058 1436 4130 septem
1453 4057 1589 4130 peccata
1604 4053 1762 4112 mortalia.

369 4139 486 4288 §fiendi
506 4139 595 4288 3309?
624 4139 733 4202 finitur
762 4139 891 4202 Glossa
918 4141 956 4201 in
984 4139 1017 4202 X
1046 4144 1210 4218 precepta
1239 4155 1301 4217 per
1329 4138 1498 4201 Jacobum
1522 4138 1710 4215 plebanum
1733 4138 1770 4198 in

477 4349 655 4406 Intrinsecus
689 4366 780 4409 asser.
804 4367 900 4423 super.
924 4351 1044 4422 legitur:
1072 4349 1160 4406 »Pars
1184 4349 1315 4406 estivalis
1339 4363 1427 4421 super
1443 4349 1609 4405 dominicas
1634 4351 1671 4403 de
1695 4355 1770 4403 teni-

370 4453 449 4510 pore.
480 4436 564 4492 Liber
592 4453 669 4508 mag.
701 4436 840 4509 Symonis
870 4441 905 4494 de
935 4437 1142 4508 Rokyczana.‹
1174 4434 1246 4491 Itern
1269 4436 1342 4492 baec
1365 4435 1488 4506 epistola
1511 4436 1591 4506 ligno
1615 4437 1697 4490 nudo
1723 4437 1769 4490 in-

370 4526 493 4596 scripta:
527 4523 725 4580 »Conceditur
752 4525 825 4579 liber
854 4527 908 4580 iste
931 4525 1051 4581 domino
1074 4523 1232 4578 Valentino
1256 4523 1333 4579 fratri
1357 4525 1419 4578 ord.
1450 4521 1656 4588 Rudnicensis,
1682 4537 1768 4593 quern

371 4627 437 4667 curn
460 4612 645 4682 conspexerit
666 4613 712 4666 vel
735 4614 922 4683 rescripserit,
946 4613 1123 4668 concedetur
1145 4610 1201 4666 sibi
1225 4610 1316 4664 altera
1337 4625 1405 4680 pars
1429 4609 1476 4664 vel
1499 4610 1611 4679 integer
1626 4607 1769 4664 Johanni-

370 4700 445 4753 cius.
477 4696 628 4768 Supplicat
657 4700 735 4755 dom.
767 4697 938 4767 Mauricius,
970 4701 1131 4768 dirigantur
1161 4696 1217 4752 sibi
1242 4697 1271 4751 in
1295 4695 1403 4751 Christi
1427 4698 1545 4752 nomine
1568 4695 1691 4750 candele
1714 4694 1769 4749 lra-

371 4785 464 4840 tribus
487 4784 671 4842 resultantes,
696 4783 844 4841 Salutetur
866 4787 944 4841 dorn.
968 4784 1119 4840 lohannes
1142 4783 1228 4838 frater
1249 4798 1319 4853 ymo
1341 4784 1439 4838 verius
1463 4787 1544 4853 pater
1570 4797 1654 4836 rneus
1678 4784 1770 4837 caris·

371 4873 473 4937 simus,
505 4871 552 4926 cui
583 4872 705 4938 dicatur,
739 4873 819 4942 quod
848 4874 907 4928 iarn
938 4873 1042 4927 recedo
1073 4873 1108 4926 de
1132 4869 1254 4925 Mielnik
1277 4869 1363 4924 hodie
1387 4874 1442 4925 etc.
1467 4875 1543 4926 etc«
1569 4867 1664 4924 Vetus
1688 4871 1763 4939 sign.

371 4956 406 5026 Ο,
430 4957 481 5014 39.

1047 5179 1095 5228 152
