3830 5966
1042 547 1124 612 1094

486 752 589 834 1094
994 753 1051 829 VI.
1080 754 1127 828 D.
1153 755 1190 829 5.

379 876 487 938 chart.
510 891 597 938 saec.
622 875 691 937 XV
698 875 744 959 ff.
768 877 843 952 202,
864 877 942 939 295
953 876 1036 939 ><21
1055 894 1118 940 cm.
1142 878 1159 938 1
1179 895 1224 938 m.

378 998 589 1061 Sermonum
622 997 846 1076 antiquorum
869 1015 919 1062 ss.
942 1004 1081 1078 patrum
1104 1000 1147 1061 de
1169 1004 1327 1078 tempore
1350 1015 1433 1077 pars
1454 997 1502 1061 1v
1524 1017 1545 1060 a
1567 999 1707 1062 festos.
1726 998 1793 1060 tri·

727 1084 848 1147 nitatis
870 1102 983 1164 usque
1006 1088 1050 1148 ad
1073 1087 1264 1149 adventum
1288 1085 1430 1148 domini.

481 1175 514 1230 ln
537 1175 675 1248 operculo
699 1191 795 1248 super.
819 1177 892 1232 haec
916 1183 986 1232 nota
1010 1193 1098 1232 manu
1122 1193 1198 1233 saec.
1225 1175 1280 1232 XV
1302 1178 1411 1247 scripta
1434 1177 1578 1232 occurrit:
1607 1175 1715 1231 »Liber
1742 1191 1794 1230 ec-

378 1262 466 1317 clesie
490 1265 520 1317 in
543 1261 733 1320 Bossulecv.

483 1429 580 1511 1095
988 1430 1051 1506 VI.
1079 1431 1128 1506 D.
1156 1433 1191 1505 6.

379 1553 488 1614 chart.
513 1571 546 1613 a.
570 1551 657 1614 1408
674 1552 714 1634 ff.
738 1552 804 1614 218
825 1570 929 1630 num„
953 1554 1092 1616 29><21
1118 1571 1181 1615 cm.
1205 1553 1238 1614 d.
1261 1571 1306 1614 m.

659 1673 802 1737 Henrici
825 1675 867 1736 de
889 1674 1059 1738 Frimaria
1082 1675 1125 1755 (1)
1148 1673 1334 1755 Expositio
1361 1674 1501 1736 missae.

481 1760 501 1822 1.
532 1765 563 1822 1⁸
588 1761 774 1840 »Quoniam
799 1763 942 1824 clamitat
964 1768 1110 1842 sapiens
1145 1763 1234 1841 quod
1251 1767 1491 1841 perscrutator«
1517 1761 1557 1838 ><
1582 1761 1604 1822 i.
1628 1757 1712 1822 218b
1735 1765 1788 1821 »in

377 1849 476 1926 glorie
500 1849 678 1909 libertatem
702 1852 888 1927 eripiuntur.
935 1849 1074 1928 Explicit
1107 1853 1276 1929 exposicio
1311 1864 1412 1927 super·
1445 1847 1555 1910 officio
1586 1852 1688 1908 misse
1716 1865 1787 1908 rev,

377 1933 463 2012 Mag.
488 1933 618 1996 Hernici
642 1951 735 1995 sacre
754 1983 762 1998 .
782 1983 788 1996 .
810 1983 817 1997 .
836 1935 968 2014 (lacuna
990 1941 1157 1998 excisione
1181 1935 1280 2015 iacta)
1304 1936 1428 1996 ordinis
1451 1934 1583 1996 fratrum
1606 1936 1788 1995 heremita-

378 2038 449 2083 rum
475 2037 502 2082 s.
527 2023 712 2100 Augustini,
743 2020 834 2083 finita
857 2039 915 2100 per
937 2039 1058 2084 manus
1080 2022 1256 2086 ,Iohannis
1280 2023 1322 2084 de
1346 2020 1528 2084 Modrovia
1550 2039 1580 2081 a.
1606 2023 1636 2082 d.
1664 2019 1784 2082 llos·

377 2106 441 2182 (Dc
464 2114 597 2169 auctore
620 2107 660 2170 cl.
686 2107 825 2187 Czerny,
849 2107 975 2170 Hdsch.
1000 2107 1047 2171 St.
1072 2109 1209 2180 Florian,
1235 2127 1266 2188 p.
1289 2109 1356 2183 45.)

376 2283 456 2339 XVII
481 2197 618 2340 Ἧιίῧπ
641 2198 793 2269 registrum
817 2201 913 2268 operis
936 2201 966 2255 in
989 2200 1039 2256 fol.
1063 2201 1183 2271 alligato
1207 2215 1266 2255 non
1284 2215 1362 2254 num.
1381 2198 1571 2270 compilatum
1596 2213 1684 2252 manu
1702 2213 1785 2252 saec.

464 2315 495 2326 ..
558 2285 570 2339 1
600 2329 606 2342 ,

485 2452 582 2537 1090
977 2451 1040 2528 Vl.
1068 2453 1116 2527 D.
1146 2453 1180 2528 7.

376 2577 485 2641 chart.
507 2594 594 2640 saec.
618 2576 703 2640 XIV
724 2595 771 2640 ex.
808 2573 858 2655 ff.
881 2576 956 2652 162,
979 2575 1067 2639 30><
1079 2577 1118 2638 21
1125 2575 1158 2638 ·5
1178 2595 1241 2638 cm.
1267 2577 1298 2638 d.
1321 2595 1367 2637 m.

376 2697 566 2760 Sermones
591 2698 819 2761 dominicales
842 2713 905 2776 per
928 2696 1095 2760 circulum
1118 2697 1204 2759 anni
1227 2695 1327 2759 initio
1351 2700 1521 2759 carentes.
1567 2694 1680 2770 (Terni
1713 2713 1782 2756 ser·

801 2802 918 2846 mones
940 2789 973 2845 in
997 2785 1141 2864 qualibet
1163 2781 1353 2861 dominica.)
1513 2821 1515 2823 -

484 2871 502 2932 i.
533 2868 609 2932 162b
632 2876 785 2945 (absoluto
808 2891 942 2930 sermone
965 2877 1050 2931 tertio
1074 2875 1239 2930 dominicae
1261 2871 1372 2940 XXIV)
1406 2867 1594 2947 ›Chiubyss
1619 2886 1678 2948 sye
1698 2917 1705 2928 .
1726 2917 1760 2932 ..

376 2975 437 3036 zye
495 3006 501 3019 .
528 3006 534 3019 .
559 2976 642 3038 gyss
667 2975 760 3019 mass
785 2959 929 3019 konecz«
957 2957 1046 3036 (finis
1070 2959 1122 3018 hic
1145 2956 1293 3018 radendo
1316 2957 1428 3017 laesus
1452 2960 1526 3029 est).

484 3127 581 3212 1097
954 3128 1013 3206 VI.
1040 3128 1089 3204 D.
1116 3129 1155 3204 8.

376 3253 485 3315 chart.
508 3271 596 3316 saec.
634 3254 798 3317 XIV-X
800 3255 828 3315 V
841 3255 881 3337 ff.
909 3253 982 3328 156,
1001 3253 1045 3316 30
1057 3253 1090 3310 ><
1108 3252 1149 3313 21
1174 3269 1238 3313 cm.
1261 3252 1279 3313 l
1304 3267 1349 3312 m.

864 3375 1052 3438 Sermones
1076 3374 1118 3435 de
1140 3371 1285 3435 sanctis.

484 3461 503 3522 1.
533 3467 563 3522 1·
588 3462 678 3541 »Ego
709 3479 782 3525 sum
814 3467 887 3524 vitis
916 3479 995 3523 vera
1018 3513 1024 3522 .
1051 3511 1056 3520 .
1083 3511 1089 3521 .
1121 3458 1203 3521 Vitis
1234 3463 1296 3520 nisi
1320 3460 1558 3521 elaborarem«
1584 3459 1625 3537 ><
1649 3459 1671 3520 f.
1701 3457 1758 3520 156

374 3553 424 3622 (de
448 3567 471 3610 s.
498 3551 670 3624 catharina)
703 3550 764 3610 »ad
798 3553 936 3628 nupcias
971 3553 1041 3608 eius
1076 3551 1190 3625 sponsi
1224 3551 1334 3609 venire
1366 3546 1498 3608 feliciter
1520 3547 1711 3615 valeamus;
1734 3546 1778 3606 ad

375 3651 459 3714 quas
482 3652 545 3696 nos
570 3636 744 3714 perducat«
771 3643 830 3697 etc.

481 3805 582 3887 1090
969 3804 1029 3881 VI.
1056 3807 1104 3881 D.
1132 3807 1167 3880 9.

375 3931 482 3994 chart.
507 3947 595 3992 saec.
618 3929 688 3992 XV
694 3930 742 4012 ff.
765 3931 839 4008 361,
861 3929 1013 4006 31><22
1035 3946 1098 3990 cm.
1120 3928 1152 3989 d.
1177 3947 1222 3991 m.

373 4049 606 4114 Decretalium
635 4050 787 4114 Pseudo·
816 4051 1088 4115 isidorianarum
1117 4066 1199 4129 pars
1228 4049 1244 4112 1
1276 4055 1361 4128 (seu,
1392 4057 1427 4112 ut
1456 4054 1489 4111 in
1519 4065 1632 4111 assere
1665 4065 1775 4128 super.

685 4140 883 4200 inscribitur:
908 4139 1013 4200 Prima
1035 4154 1111 4216 pars
1134 4138 1201 4198 libri
1225 4138 1461 4211 conciliorum).

482 4224 504 4285 l.
532 4227 563 4285 1²
590 4224 643 4285 »ln
666 4230 799 4286 nomine
823 4229 922 4304 patris
947 4271 954 4284 .
979 4275 985 4286 .
1013 4275 1018 4285 .
1042 4228 1179 4285 nomina
1202 4229 1442 4303 provinciarum
1467 4223 1606 4285 Romani
1629 4225 1773 4300 imperii«

375 4309 414 4388 ><
439 4311 459 4372 i.
483 4310 566 4372 361ιι
587 4313 729 4386 (Explicit
751 4315 909 4372 concilium
932 4315 1074 4387 Spalense
1096 4315 1276 4385 secundum)
1324 4309 1512 4374 »Hactenus
1535 4311 1673 4388 digestis
1696 4325 1776 4370 con·

373 4398 453 4458 ciliis
477 4413 503 4458 s,
529 4403 654 4475 patrum
690 4404 870 4476 sequentur
904 4399 1043 4459 decreta,
1064 4399 1230 4476 presulum
1269 4397 1502 4461 Romanorum.
1537 4395 1661 4458 Preime
1684 4395 1775 4456 sedis

373 4485 552 4562 apostolice
575 4485 743 4563 presulum
766 4489 954 4558 constituta,
977 4499 1042 4564 que
1064 4483 1109 4544 ad
1130 4483 1206 4546 fidei
1230 4487 1375 4564 regulam
1390 4486 1442 4547 vel
1457 4485 1500 4546 ad
1516 4485 1775 4546 ecclesiasticam

373 4574 533 4648 pertinent
556 4571 769 4649 disciplinam,
792 4576 825 4633 in
848 4573 912 4633 hoc
935 4571 1015 4632 libro
1038 4570 1180 4650 diligenti
1203 4587 1284 4633 cura
1306 4571 1442 4634 collecta
1465 4576 1552 4645 sunt,
1584 4575 1630 4631 ita
1652 4577 1687 4630 ut
1710 4575 1776 4630 sin-

371 4658 520 4736 gulorum
545 4658 736 4736 pontificum
760 4664 923 4737 quotquot
953 4657 1084 4718 decreta
1104 4675 1127 4717 a
1149 4659 1246 4719 nobis
1276 4664 1403 4738 reperta
1432 4663 1520 4729 sunt,
1568 4658 1630 4718 sub
1662 4661 1775 4718 unius·

373 4747 533 4823 cuiusque
557 4745 693 4823 epistole
717 4749 800 4805 sen'e
824 4748 960 4824 propriis
984 4744 1082 4805 titulis
1106 4751 1357 4824 prenotarentur
1377 4762 1418 4806 eo
1441 4744 1556 4818 modo,
1585 4759 1653 4822 quo
1677 4759 1774 4822 supe-

373 4834 439 4892 rius
463 4830 660 4909 prelatorum
691 4835 818 4909 patrum
849 4847 995 4893 canones
1026 4835 1140 4892 nostro
1171 4832 1281 4893 studio
1312 4833 1449 4894 ordinati
1480 4837 1570 4904 sunt,
1608 4835 1774 4909 quatenus

372 4918 500 4978 lectoris
523 4917 682 4978 industria
705 4917 830 4979 facilius
854 4919 1027 4996 intelligere
1050 4922 1166 4995 possit,
1193 4919 1272 4980 dum
1297 4919 1449 4998 capitulis
1466 4921 1605 4996 propriis
1622 4917 1774 4978 distincta

372 5003 536 5064 intendit«

1045 5227 1097 5281 4⁴8
