3830 5966
1034 589 1111 652 1081

479 797 550 879 1181
980 794 1038 870 VI.
1071 795 1114 870 G.
1142 795 1203 872 15.

374 937 566 1000 membran.
599 955 685 1000 saec.
709 933 980 1018 XIII-XIVff.
1004 933 1078 1008 145,
1103 936 1274 998 14·5><11
1304 953 1367 997 cm.
1386 923 1408 997 Ι1
1434 951 1479 994 m.
1504 951 1582 995 cum
1605 933 1677 994 init.
1702 931 1777 1012 pici.

374 1057 672 1138 antiphonarium
694 1077 775 1122 eum
798 1055 1044 1136 responsoriis,
1081 1055 1178 1118 notis
1202 1054 1349 1116 musicis
1385 1055 1597 1116 instructum
1630 1058 1666 1115 et
1699 1052 1778 1114 usui

551 1145 754 1208 monialium
778 1162 805 1207 s.
831 1143 969 1222 Georgii
993 1143 1030 1204 in
1052 1149 1170 1204 castro
1195 1140 1366 1220 Pragensi
1389 1140 1600 1220 adaptatum.

485 1248 516 1309 ln
540 1252 560 1308 i.
588 1253 674 1320 137³,
702 1252 778 1307 143Β
803 1258 830 1307 et
856 1243 932 1307 145b
956 1256 1114 1306 occurrunt
1138 1251 1235 1319 capita
1251 1250 1464 1305 monachorum
1481 1265 1499 1303 a
1514 1248 1634 1304 moniali
1651 1249 1778 1320 quadarn

376 1339 490 1395 calamo
514 1339 660 1395 delineata
683 1354 749 1394 cum
774 1342 850 1394 notis
874 1337 1046 1406 bohemicis,
1071 1338 1107 1391 de
1131 1337 1238 1409 quibus
1261 1351 1288 1393 v.
1313 1335 1396 1406 Listy
1419 1335 1530 1406 lilolog.
1557 1335 1639 1391 1879
1663 1353 1693 1407 p.
1708 1333 1777 1390 244.

374 1403 491 1498 (Seslrk
513 1420 661 1498 piipislry
679 1420 825 1496 jeptisky
848 1417 1068 1496 svatojirske').
1104 1421 1257 1495 Opercuiis
1289 1423 1419 1492 adligata
1442 1429 1471 1477 et
1494 1423 1678 1493 adglutinata
1711 1429 1779 1476 sunt

374 1512 537 1584 fragmenta
560 1513 679 1573 membr.
703 1513 816 1568 codicis
840 1513 995 1567 cuiusdam
1019 1510 1179 1581 theologici
1202 1525 1280 1565 saec.
1304 1507 1380 1565 XIII.
1404 1508 1474 1564 Sine
1498 1510 1588 1564 dubio
1612 1525 1627 1562 e
1652 1515 1779 1564 monast.

375 1615 399 1660 s,
429 1597 554 1670 Georgii.

482 1773 566 1856 1182
954 1773 1017 1849 VI.
1047 1773 1092 1848 G.
1119 1773 1180 1848 16.
1210 1795 1236 1847 a

374 1915 566 1978 membran.
588 1933 676 1978 saec.
700 1913 768 1976 XV
778 1913 827 1994 ff.
852 1913 924 1987 144,
948 1913 1091 1976 15><10
1114 1931 1176 1974 cm.
1200 1915 1222 1975 3
1244 1931 1288 1976 m.

374 2034 590 2098 Breviarium
612 2036 822 2115 particulare
845 2035 925 2114 (seu
948 2034 1067 2115 potius
1090 2033 1244 2113 Rituale)
1268 2033 1349 2096 usui
1373 2033 1579 2095 monialium
1597 2035 1781 2096 cuiusdam

376 2122 582 2185 monasterii
605 2124 806 2201 adaptatum
830 2131 865 2185 et
876 2123 1085 2202 germanicis
1102 2121 1249 2183 rubricis
1268 2126 1302 2184 et
1317 2121 1538 2183 orationibus
1555 2120 1780 2182 instructum.

376 2208 630 2287 (Lateinisehes
652 2209 796 2272 Brevier
818 2207 1248 2372 einesuffffieefflileffrsgers
1271 2208 1338 2270 mit
1372 2206 1568 2270 deutschen
1599 2207 1780 2270 Rubriken

486 2402 631 2474 Opereulo
655 2405 736 2462 inser.
763 2405 963 2475 adglutinatae
987 2411 1056 2459 sunt
1081 2403 1171 2458 chart.
1196 2401 1295 2457 literae
1326 2398 1511 2472 germanicae
1535 2417 1614 2459 saec.
1639 2399 1710 2456 XVI
1732 2404 1780 2457 da·

377 2496 425 2544 tae
452 2489 528 2544 »Der
550 2491 721 2562 erwirdigen
744 2492 853 2546 fratuen
878 2490 985 2546 Vrsula
1009 2489 1139 2546 Moserin
1163 2505 1200 2544 zu
1231 2487 1324 2559 Egern
1355 2491 1386 2543 in
1421 2490 1487 2543 dem
1522 2489 1643 2544 Kloster
1674 2504 1783 2543 vnnser

377 2577 472 2632 lieben
497 2578 657 2633 schwester
680 2579 782 2649 gehbrt
806 2581 857 2632 der
880 2577 965 2633 brieil
985 2579 1015 2632 in
1038 2578 1063 2633 ir
1085 2577 1207 2632 handt.‹
1232 2575 1436 2630 Verisimiliter
1459 2591 1496 2631 ex
1519 2591 1600 2631 mon.
1624 2575 1655 2632 S.
1680 2576 1781 2632 Clarae

376 2662 507 2733 Egrensl.

485 2838 568 2920 1183
977 2839 1040 2914 VI.
1070 2839 1114 2914 G.
1148 2838 1208 2912 16.
1236 2839 1267 2915 b.

377 2980 566 3046 azemhran.
589 2997 674 3042 saec.
698 2978 787 3042 XIV
805 2980 851 3042 in.
865 2977 915 3058 ff.
939 2979 1242 3055 91,16><12cm.
1266 2980 1284 3041 1
1308 2997 1355 3042 m.

377 3100 594 3164 Breviarium
616 3102 823 3181 particulare
846 3117 910 3163 seu
944 3100 1063 3179 potius
1098 3100 1246 3177 Rituale,
1278 3105 1452 3162 continens
1476 3104 1635 3178 imprimis
1667 3115 1782 3177 preces

379 3206 436 3268 pro
459 3189 596 3250 infirmis
620 3197 651 3251 et
674 3193 819 3260 mortuis,
854 3187 935 3250 usui
969 3187 1175 3249 monialium
1198 3204 1227 3248 s.
1252 3184 1391 3266 Georgii
1415 3187 1452 3248 in
1475 3192 1592 3248 castro
1615 3185 1781 3264 Pragensi

562 3274 763 3354 adaptatum
786 3276 1016 3353 praecedente
1039 3273 1249 3349 calendario,
1273 3279 1324 3336 cui
1348 3279 1506 3336 insertum
1531 3280 1582 3334 est

483 3397 502 3458 1.
531 3394 646 3459 14-61
669 3395 915 3475 Necrologium
950 3395 1158 3458 monasterii
1191 3412 1218 3458 a.
1254 3392 1393 3474 Georgii
1429 3411 1541 3471 usque
1574 3393 1673 3455 ada.
1700 3389 1779 3453 1321

378 3500 597 3558 procurrens

490 3591 559 3648 Sine
583 3594 673 3648 dubio
697 3609 711 3648 e
736 3597 862 3650 monast.
888 3591 917 3649 S.
944 3589 1072 3662 Georgii.

485 3792 569 3875 1184
979 3792 1037 3868 VI.
1068 3793 1114 3870 G.
1141 3795 1203 3869 16.
1231 3818 1258 3868 c.

379 3935 569 4084 ἓκῗηὸνακ.
592 3953 678 3997 saec.
702 3931 898 3996 XIV-XV
912 3933 952 4016 ff.
978 3934 1052 4009 156,
1085 3934 1224 3996 15><11
1261 3952 1322 3995 cm.
1358 3934 1376 3995 1
1413 3951 1458 3994 m.
1498 3951 1576 3994 cam
1607 3932 1678 3992 init.
1718 3931 1779 3992 cal.

403 4040 478 4084 ern.

453 4140 587 4204 Cursus
610 4159 636 4204 s.
658 4141 791 4205 Mariae
813 4145 849 4204 et
871 4139 1054 4204 orationes
1079 4139 1241 4203 diversae
1264 4139 1477 4202 monialibus
1501 4139 1707 4202 destinatae.

488 4267 640 4340 Operculis
664 4269 841 4324 intrinsecus
863 4268 1023 4338 inscriptae
1046 4271 1116 4322 sunt
1139 4280 1230 4320 manu
1254 4279 1332 4323 saec.
1355 4262 1527 4320 xv-xvt
1543 4263 1711 4321 Sententiae
1727 4264 1781 4317 bo-

380 4355 510 4412 hemicae
533 4356 714 4410 versificatae
736 4361 765 4410 et
787 4354 902 4410 initiunt
925 4354 1075 4408 cantionis
1098 4353 1254 4409 cuiusdam
1277 4351 1438 4422 popularis.
1463 4345 1659 4424 (Priipovedi
1688 4343 1780 4405 teste

380 4437 561 4499 versovant
583 4456 603 4497 a
625 4435 760 4512 poddtclt
783 4434 875 4511 piene
898 4433 1050 4495 ndrodni:
1076 4437 1166 4495 »Ktot
1190 4439 1301 4494 milosti
1325 4437 1465 4510 nenne«)
1495 4437 1567 4494 Item
1590 4438 1622 4493 in
1644 4437 1781 4509 operculo

381 4545 478 4602 super.
501 4528 606 4600 legitur
628 4542 753 4586 nomen:
780 4526 933 4583 »Markala
956 4528 991 4582 de
1014 4525 1158 4597 Rupow.«

486 4730 573 4814 1185
980 4728 1044 4805 VI.
1076 4727 1119 4804 G.
1146 4727 1209 4803 17.

382 4874 571 4938 membran.
594 4890 681 4936 saec.
704 4871 791 4934 XIV
799 4871 845 4954 ff
869 4871 945 4945 588,
969 4868 1179 4934 13·5><10·5
1198 4885 1261 4933 cm.
1283 4869 1302 4930 1
1328 4885 1373 4929 m.

382 4995 599 5060 Breviarium
621 4993 850 5075 praecedente
872 4991 1083 5068 calendario,
1116 4995 1149 5052 in
1173 5007 1239 5069 quo
1262 4988 1347 5051 leste
1370 4993 1584 5068 patronorum
1608 4987 1784 5049 Bohemiae
1891 5053 1892 5082 1

896 5085 1071 5141 occununt
1093 5077 1263 5138 rubricata.

1055 5302 1107 5352 472
