3890 5970
367 599 447 654 xviii

367 831 465 893 quam
490 825 625 892 prorsus
649 811 765 872 nullae.
811 810 898 890 Quin
920 813 1112 889 corrigenda
1133 818 1165 873 et
1187 811 1341 874 addenda
1371 817 1402 872 in
1427 813 1491 873 line
1522 813 1590 872 libri
1620 822 1696 874 ante
1721 818 1767 872 in-

366 918 470 980 dicem
495 919 602 995 posita
625 914 797 992 plurimum
831 920 942 994 augeri
967 919 1103 994 possint,
1138 931 1347 996 nequaquam
1382 915 1506 981 dubito.
1541 917 1601 976 sed
1624 933 1645 976 a
1668 917 1765 980 bene-

365 1023 449 1083 volis
472 1029 504 1082 et
526 1024 569 1080 rei
595 1022 703 1098 peritis
726 1018 865 1094 arbitris,
888 1023 917 1079 si
940 1023 971 1080 ln
995 1025 1085 1080 tanto
1116 1027 1148 1080 et
1181 1027 1247 1080 tam
1282 1019 1434 1080 diuturno
1468 1019 1579 1080 labore
1614 1036 1765 1082 nonnun-

366 1142 465 1206 quam
489 1124 741 1194 dormitaverim‚
765 1127 894 1184 veniam
918 1128 1004 1202 peto

470 1244 555 1306 Huic
578 1245 727 1321 catalogo
749 1249 782 1304 in
805 1243 871 1304 line
895 1245 1061 1305 subiectae
1078 1249 1156 1304 sunt
1170 1243 1318 1304 diversae
1342 1245 1481 1316 tabulae,
1505 1259 1643 1322 quarum
1660 1247 1765 1320 prima

367 1349 472 1417 docet,
496 1348 584 1408 unde
607 1347 803 1408 bibliotheca
826 1354 939 1408 nostra
961 1347 1093 1408 codices
1117 1349 1234 1409 latinos
1256 1351 1426 1424 acceperit,
1450 1351 1566 1407 ceteris
1590 1351 1684 1426 quasi
1698 1349 1761 1408 sub

366 1469 433 1512 uno
456 1457 594 1532 aspectu
618 1457 783 1530 ponuntur
805 1451 840 1525 2)
862 1451 995 1513 codices
1018 1453 1105 1512 latini
1128 1467 1214 1512 saec.
1238 1447 1311 1512 XIV
1334 1453 1543 1528 antiquiores,
1574 1449 1609 1524 3)
1631 1451 1765 1513 codices

367 1561 453 1617 latini
477 1556 587 1617 litteris
610 1556 784 1617 initialibus
819 1559 912 1634 pictis
946 1556 997 1616 vel
1030 1556 1226 1634 imaginibus
1260 1557 1417 1628 exomati,
1450 1554 1485 1626 4)
1508 1555 1642 1615 codices
1677 1555 1765 1616 latini

367 1661 536 1722 bohemice
560 1661 695 1738 glossati
718 1661 770 1720 vel
793 1660 982 1738 interpolati,
1006 1660 1041 1733 5)
1063 1660 1196 1721 codices
1227 1660 1323 1734 latini,
1354 1658 1473 1737 quibus
1507 1657 1654 1718 admixta
1688 1665 1767 1720 sunt

366 1765 528 1843 opuscula
549 1763 731 1840 bohemica,
754 1761 789 1837 6)
812 1763 944 1824 codices
980 1766 1066 1825 latini
1099 1767 1283 1842 germanice
1317 1764 1452 1841 glossati
1486 1763 1537 1822 vel
1572 1763 1763 1840 interpolati,

367 1869 400 1942 7)
423 1868 557 1930 codices
581 1870 679 1940 latini,
714 1869 833 1946 quibus
857 1867 1003 1928 admixta
1036 1875 1114 1930 sunt
1146 1869 1307 1945 opuscula
1339 1869 1535 1944 germanica,
1571 1866 1607 1939 8)
1629 1865 1764 1926 codices

366 1976 464 2049 latini,
488 1975 519 2034 in
544 1971 664 2050 quibus
687 1975 799 2033 insunt
833 1973 995 2050 opuscula
1029 1976 1115 2051 typis
1149 1987 1274 2032 excusa
1306 1973 1357 2031 vel
1391 1973 1551 2048 imagines
1585 1971 1673 2048 ligno
1707 1977 1764 2032 aut

365 2079 431 2138 aeri
454 2080 587 2153 incisae,
610 2074 644 2150 9)
667 2075 800 2136 codices
823 2075 920 2152 latini,
955 2093 1094 2155 quorum
1118 2077 1279 2154 operculis
1308 2074 1449 2152 adligata
1481 2073 1533 2133 vel
1563 2073 1764 2151 adglutinata

366 2189 444 2242 sunt
467 2181 647 2259 fragmenta
669 2181 822 2240 hebraica
844 2186 875 2240 et
897 2181 1050 2258 liturgica.
1097 2180 1265 2240 Postremo
1299 2182 1445 2258 sequitur
1468 2177 1566 2238 unico
1588 2177 1763 2254 alphabeto

366 2292 541 2346 contextus
563 2284 662 2346 index
686 2299 911 2361 personarum,
934 2286 1090 2364 locorum,
1122 2301 1227 2345 rerum
1252 2301 1272 2343 a
1294 2282 1372 2344 Phil.
1396 2281 1460 2342 Dre
1483 2279 1531 2340 Vl.
1557 2279 1662 2359 Kybal
1685 2296 1763 2340 con-

365 2393 526 2462 cinnatus,
551 2389 691 2467 dequo,
724 2403 800 2449 cum
825 2403 887 2448 sua
920 2387 1174 2465 praefatiuncula
1207 2390 1385 2450 instructus
1420 2386 1471 2457 sii,
1506 2384 1558 2444 hic
1593 2386 1763 2461 copiosius

366 2494 473 2554 dicere
498 2492 708 2569 supersedeo.

471 2991 591 3068 Restat,
616 2999 651 3053 ut
672 2995 793 3070 gratias
806 3009 929 3071 easque
942 2996 1103 3054 maximas
1118 3009 1214 3069 agam
1230 2993 1308 3053 viris
1331 2991 1372 3052 de
1395 2995 1459 3053 hoc
1475 2991 1625 3066 catalogo
1641 2991 1762 3065 optime

366 3100 496 3171 meritis,
521 3099 576 3175 qui
599 3097 708 3174 plures
732 3103 820 3168 sunt,
851 3112 949 3174 quam
980 3102 1016 3156 ut
1037 3112 1154 3156 omnes
1184 3097 1365 3158 enumerari
1400 3097 1537 3173 possint
1584 3090 1684 3170 Quod
1706 3105 1762 3150 co·

365 3201 456 3262 dices
479 3205 612 3261 nostros
636 3215 736 3260 manu
760 3203 900 3278 scriptos
922 3202 1107 3260 accuratius
1130 3199 1313 3261 describere
1344 3204 1446 3278 coepi,
1478 3201 1625 3277 inprimis
1656 3195 1764 3256 excel-

365 3305 536 3366 lentissimi
558 3306 616 3364 viri
633 3301 743 3364 GUlL.
759 3321 811 3382 eq.
828 3299 1009 3380 HARTEL‚
1027 3321 1055 3364 c.
1072 3321 1094 3363 r.
1112 3305 1301 3366 eruditionis
1324 3305 1472 3382 publicae
1489 3305 1635 3377 ministri,
1659 3299 1761 3360 favori

364 3415 398 3469 et
420 3407 665 3469 benevolentiae
690 3406 834 3482 debetur,
868 3410 923 3485 qui
954 3407 1030 3468 mibi
1065 3407 1106 3468 de
1140 3408 1203 3468 hoc
1233 3424 1331 3485 opere
1365 3409 1517 3486 cogitanti
1552 3423 1617 3468 non
1653 3404 1760 3465 solum

366 3511 522 3573 benevole
545 3513 668 3582 annuit,
692 3509 752 3570 sed
776 3515 871 3571 etiam
895 3513 1034 3588 catalogi
1056 3514 1143 3589 typis
1166 3511 1351 3572 excudendi
1383 3527 1442 3589 spe
1465 3515 1530 3572 iam
1563 3515 1631 3571 lum
1666 3509 1759 3582 illata

365 3621 401 3676 ut
423 3620 466 3676 ita
489 3613 606 3688 dicam,
630 3614 767 3674 calcaria
789 3613 922 3674 addidit.
957 3612 1099 3674 Easdem
1121 3619 1242 3692 gratias
1266 3613 1369 3675 refero
1392 3614 1667 3676 excellentissimo
1690 3617 1762 3672 eius

365 3718 503 3780 antehac
516 3718 659 3794 collegae
678 3714 775 3778 ΑΝΤ.
789 3714 937 3794 REZEK,
954 3721 1019 3796 qui,
1034 3723 1070 3779 ut
1084 3724 1136 3778 est
1146 3721 1345 3796 antiquitatis
1361 3721 1571 3796 investigator
1586 3718 1762 3797 diligentis-

366 3824 479 3896 simus,
493 3823 639 3881 instituto
652 3837 726 3882 meo
738 3818 985 3882 contentissime
997 3819 1194 3900 suffragatus
1206 3827 1266 3882 est.
1280 3819 1393 3900 Neque
1405 3826 1501 3882 etiam
1515 3821 1605 3882 domi
1617 3821 1762 3882 lautores

364 3925 515 3985 benevoli
530 3929 562 3984 et
576 3923 742 3984 adiutores
759 3939 864 3984 rerum
889 3927 1070 4002 peritissimi
1088 3925 1164 3986 rnihi
1187 3925 1331 3987 deerant.
1362 3925 1466 3986 Primo
1482 3926 1675 3986 doctissimo
1691 3930 1761 3986 viro

365 4025 475 4089 RICH.
498 4024 687 4103 KUKULA,
704 4027 916 4088 bibliothecae
939 4033 1070 4089 nostrae
1086 4027 1250 4106 praelecto
1273 4031 1439 4096 acerrimo,
1456 4031 1629 4106 plurimum
1646 4031 1762 4106 debeo,

365 4135 429 4210 qui,
444 4137 600 4210 quantum
618 4129 685 4191 lieri
700 4137 833 4210 poterat
853 4132 996 4193 laborem
1015 4148 1124 4192 meum
1139 4133 1332 4192 sublevabat
1353 4131 1515 4194 adiunctis
1532 4133 1609 4194 mibi
1622 4137 1760 4214 singulis

365 4234 481 4296 diebus
498 4251 555 4312 per
576 4250 675 4295 unam
700 4235 813 4296 horam
837 4235 1050 4297 bibliothecae
1069 4234 1273 4308 officialibus,
1290 4237 1347 4313 qui
1366 4239 1475 4297 titulos
1500 4254 1636 4316 operum
1661 4253 1762 4300 manu

365 4341 557 4416 scriptorum
571 4354 588 4398 e
602 4337 733 4399 schedis
746 4342 828 4399 meis
841 4340 1091 4400 transcriberent
1103 4342 1177 4400 etin
1190 4339 1337 4400 ordinem
1349 4341 1512 4417 alphabeti
1526 4341 1716 4420 digererent,
1729 4345 1761 4404 id

365 4442 453 4520 quod
467 4442 543 4502 mihi
560 4441 601 4501 ad
618 4457 703 4521 opus
719 4442 979 4520 promovendum
992 4443 1136 4504 maximo
1148 4446 1222 4503 usui
1234 4449 1311 4504 erat.
1329 4441 1377 4504 Eo
1390 4444 1490 4504 modo
1503 4449 1626 4522 partitis
1638 4454 1763 4526 tempo·

364 4545 454 4606 ribus
477 4545 510 4606 hi
534 4546 677 4623 collegae
710 4549 900 4606 amicissimi
933 4563 986 4607 me
1008 4547 1184 4608 iuvabant:
1221 4545 1300 4606 Boh.
1325 4526 1465 4608 Cermdk
1488 4549 1522 4624 (³5
1549 4549 1654 4624 1899).
1688 4551 1761 4614 Joh.

364 4631 511 4727 Slastni,
535 4647 616 4710 Bob.
640 4646 791 4723 Navra'rtil,
827 4648 877 4710 Fr.
900 4647 1092 4714 Studnidka.
1128 4649 1211 4710 Guil.
1235 4648 1362 4728 Herzig.
1398 4651 1517 4729 quibus
1541 4652 1604 4714 hoc
1628 4671 1760 4736 quoque

364 4755 437 4814 loco
461 4753 587 4813 debitas
609 4756 729 4830 gratias
753 4751 865 4814 relero.
912 4751 1085 4832 Suppetias
1109 4770 1232 4832 easque
1263 4757 1425 4816 maximas
1448 4755 1525 4818 mihi
1549 4757 1663 4820 crebro
1685 4759 1763 4822 afle-

365 4858 478 4919 rebant
500 4861 558 4916 viri
582 4861 850 4934 praestantissimi
873 4863 970 4936 atque
993 4858 1173 4919 doctissimi
1197 4855 1281 4918 mit.
1299 4855 1420 4926 GOLL.
1445 4863 1664 4923 universitatis
1688 4863 1762 4925 Pra-

365 4959 477 5038 gensis
500 4958 668 5039 professor
690 4960 913 5039 dignissimae,
937 4969 969 5022 et
993 4961 1111 5023 FERD.
1135 4959 1294 5036 TADRA,
1317 4963 1441 5041 collega
1458 4968 1689 5039 suavissimus
1716 4970 1761 5031 ad

364 5080 503 5144 quorum
527 5069 626 5126 nutus
649 5066 824 5126 nonnullos
847 5082 972 5126 errores
996 5071 1187 5146 tempestive
1210 5069 1336 5128 evitavi.
1368 5066 1607 5132 consummato
1630 5072 1764 5136 tandem
