3830 5966
1012 571 1093 632 1058

454 779 473 840 i.
499 777 704 842 28811-—295b
726 778 779 841 Fr.
814 779 988 844 Johannis
1021 778 1219 858 Capistrani
1242 780 1284 840 ad
1307 777 1556 851 Everhardum
1591 795 1760 859 praepos.

349 865 516 943 Magdeb.,
542 867 690 946 epistola
712 867 755 928 de
778 867 980 929 adoratione
1004 870 1040 928 et
1062 865 1240 930 miraculis
1263 868 1344 928 data
1366 883 1396 928 a.
1423 865 1516 941 1452,
1539 864 1595 928 Vl
1620 865 1700 929 Nov

454 971 474 1031 i.
499 967 704 1032 2951’-315b
727 973 885 1046 (anepigr.)
908 969 1099 1033 Everhardi
1120 968 1312 1048 praepositi
1329 969 1547 1049 Magdeburg.
1569 969 1762 1033 Tractatus

351 1058 392 1117 de
416 1057 622 1120 adoratione
644 1058 836 1137 (reprobans
860 1058 1015 1120 miracula
1037 1056 1294 1135 Wilsnacensia)
1328 1061 1361 1118 in
1384 1059 1450 1119 fine
1485 1073 1634 1118 mancus.
1683 1056 1761 1118 »De

350 1144 545 1206 adoracione
569 1151 727 1223 quantum
750 1149 935 1206 concernit«
962 1143 1003 1222 ><
1030 1144 1090 1205 »ad
1114 1144 1285 1222 epistolam
1318 1149 1450 1222 preteeti
1481 1149 1581 1222 patris
1617 1161 1761 1222 respon-

351 1231 446 1302 debo,
471 1248 534 1309 que
558 1233 630 1292 talis
658 1239 737 1293 est«

352 1439 376 1494 G
454 1354 530 1411 Nota
552 1358 582 1412 in
606 1357 697 1412 fronte
721 1357 770 1413 iol.
798 1357 848 1410 ll:
875 1355 1080 1411 »Residentiae
1104 1355 1171 1411 Soc.
1196 1354 1265 1410 Jesu
1289 1339 1326 1409 ad
1350 1353 1472 1409 Matrem
1496 1354 1672 1410 Dolorosam
1696 1357 1761 1410 sub

379 1458 502 1512 supha«

458 1610 558 1692 1⁰58
958 1611 1020 1686 Vl.
1048 1611 1093 1689 B.
1120 1610 1184 1687 24.

351 1751 458 1812 citari.
481 1769 566 1812 saec.
591 1749 678 1814 XVI
693 1751 733 1834 ff.
755 1753 829 1819 335,
851 1753 892 1814 31
907 1751 992 1812 ><21
1010 1769 1073 1812 cnr.
1097 1751 1128 1812 d.
1152 1768 1195 1811 m.
1220 1767 1297 1811 cum
1321 1749 1392 1810 init.
1412 1747 1488 1830 pict.

351 1869 523 1934 Graduale
546 1871 895 1938 latino-bohemicum
918 1872 1012 1936 notis
1037 1871 1183 1935 musicis
1206 1871 1429 1934 instructum.
1475 1865 1682 1950 (Kancionril
1708 1871 1761 1932 la-

685 1956 808 2042 tinsky'
830 1978 849 2023 s
873 1952 1073 2039 nekterymi
1094 1950 1206 2038 apevy
1229 1953 1416 2036 deslrymi.)

454 2084 556 2141 Literis
580 2085 642 2142 init.
666 2089 752 2157 pictis
775 2089 888 2156 passim
910 2087 1052 2157 inscripta
1075 2091 1144 2141 sunt
1167 2083 1288 2139 nomina
1311 2083 1540 2149 benefactorum,
1564 2083 1614 2154 qui
1637 2085 1667 2137 in
1691 2083 1754 2138 lib·

352 2187 414 2226 rum
438 2175 641 2228 exornandum
665 2181 800 2244 sumptus
824 2173 962 2229 lecerunt.
986 2171 1063 2229 Nota
1085 2170 1223 2243 operculo
1247 2169 1389 2240 superiori
1419 2171 1563 2241 inscripta
1595 2169 1688 2224 cultro
1714 2171 1760 2222 vi·

350 2261 423 2314 tiata
445 2262 601 2316 edocemur
624 2263 754 2316 codicem
779 2261 946 2332 aquodam
978 2258 1105 2329 Georgio
1139 2257 1333 2313 baccalaureo
1369 2255 1439 2311 olim
1473 2264 1638 2326 reparatum
1673 2270 1753 2310 esse.

352 2345 490 2400 Codicem
513 2347 657 2416 prolixius
681 2363 791 2403 recens.
816 2347 934 2420 Dreves‚
959 2345 1121 2401 Cantiones
1145 2345 1261 2399 bohem.
1286 2359 1313 2414 p.
1342 2343 1390 2402 18.

460 2514 558 2596 1⁰59
970 2514 1033 2590 VI.
1064 2513 1099 2588 C.
1128 2515 1162 2588 1.

351 2657 460 2718 chart.
484 2673 571 2718 saec.
596 2653 865 2717 XVII—XVIII
871 2654 918 2738 ff.
942 2655 995 2730 24,
1017 2655 1059 2716 37
1077 2657 1108 2711 ><
1122 2655 1165 2716 22
1187 2671 1250 2714 crta.
1272 2652 1290 2714 1
1317 2671 1361 2715 ru.

352 2777 386 2840 P.
410 2777 591 2857 Theophili
624 2777 834 2849 Kherbaum,
866 2781 937 2841 ord.
970 2776 1116 2924 Cisteirc.
1141 2775 1268 2838 Plassii
1301 2774 1464 2854 professi,
1501 2774 1650 2838 ⁴'labella
1671 2790 1752 2854 gno·

977 2881 1060 2927 mon
1074 2881 1122 2926 ca.

458 2989 525 3045 Sine
550 2991 640 3046 dubio
664 3005 678 3044 e
703 2990 883 3046 monasterio
907 2989 1065 3045 Plassensi.

461 3174 559 3256 1060
959 3174 1021 3250 VI.
1051 3175 1088 3251 C.
1117 3175 1152 3249 2.

354 3315 472 3471 {aar}
486 3333 519 3462 {a
543 3315 629 3377 1740
642 3315 691 3394 fs.
715 3315 758 3377 54
780 3315 912 3396 (2108
930 3317 1129 3394 paganum),
1152 3316 1196 3376 36
1214 3318 1240 3368 ><
1253 3316 1296 3376 22
1308 3332 1372 3376 coa
1398 3317 1415 3375 1
1441 3332 1484 3375 nt.
1517 3331 1595 3374 cum
1619 3313 1754 3388 insigni·

376 3419 416 3462 us
458 3419 540 3463 acts.

458 3541 529 3602 pag.
560 3525 659 3586 l-li
684 3523 929 3587 Denominatio
945 3529 980 3586 et
996 3521 1215 3585 confirmatio
1233 3521 1422 3600 Augustini
1441 3520 1594 3583 'rhomae
1607 3499 1755 3596 §ticilra

354 3609 468 3671 decani
500 3617 658 3672 canoniae
693 3611 923 3685 Carloviensi5‚
959 3609 994 3672 in
1016 3609 1255 3689 praepositum
1276 3607 1590 3687 lngelheimensem
1613 3625 1645 3670 a.
1663 3605 1755 3670 illo.

458 3731 530 3792 pag.
558 3713 684 3775 19-20
713 3713 852 3777 Nomina
882 3719 1115 3777 canonicorum
1154 3717 1185 3774 in
1223 3717 1363 3774 canonia
1398 3713 1595 3773 Carloviensi
1635 3713 1755 3790 Pragae

355 3807 430 3860 tunc
457 3802 677 3862 residentium.

459 3921 529 4051 ρειξ.
554 3905 681 3967 21-22
706 3905 835 3984 Insigne
860 3909 1035 3984 praepositi
1060 3905 1326 3982 ingelheimensis
1361 3908 1482 3982 pictum
1508 3911 1540 3964 et
1563 3903 1754 3964 deauratum

355 4009 385 4050 ιη
411 4007 496 4051 mem
523 4009 609 4052 rana.

459 4130 531 4190 pag.
555 4113 678 4174 25-61
705 4112 892 4192 Privilegia
914 4130 955 4176 ac
978 4111 1173 4174 maiestalia
1195 4127 1286 4174 caes.
1311 4115 1346 4172 et
1368 4127 1437 4189 reg.
1461 4110 1655 4189 diplomata
1678 4110 1756 4171 iun-

355 4197 505 4261 dationis
528 4199 791 4279 praepositurae
813 4198 1102 4279 lngelheimensis
1125 4199 1168 4260 ad
1191 4197 1350 4260 Rhenum
1375 4246 1382 4259 .
1407 4245 1415 4259 .
1439 4197 1574 4259 inserta
1608 4202 1644 4260 et
1673 4197 1756 4258 vidi·

356 4289 448 4346 mata
471 4303 533 4364 per
554 4286 790 4364 augustinum
811 4287 979 4349 Thomam
1010 4265 1178 4348 §tiatira
1204 4285 1505 4364 ..praepositum
1540 4302 1570 4346 a.
1606 4286 1637 4346 d.
1665 4282 1756 4346 llll).

354 4372 402 4442 (In
426 4390 499 4450 pag.
524 4373 564 4432 27
589 4379 727 4435 occurrit
750 4377 876 4453 insigne
900 4375 1028 4451 capituli
1052 4372 1323 4451 ingelheimensis
1356 4376 1476 4450 pictum
1509 4377 1541 4432 et
1565 4372 1755 4432 deauratum

356 4463 386 4519 in
412 4461 625 4536 membrana.)

460 4580 532 4641 pag.
556 4564 707 4626 62-108
730 4581 854 4626 vacuae
879 4571 965 4626 sunt.

458 4687 654 4745 Instrumenta
675 4693 705 4745 in
728 4707 794 4762 pag.
823 4691 924 4746 1-17
949 4697 1017 4745 sunt
1040 4687 1205 4759 originalia,
1230 4703 1319 4743 manu
1343 4687 1461 4760 propria
1483 4686 1613 4742 Thomae
1629 4685 1752 4741 ioannis

356 4777 470 4831 abbatis
495 4773 692 4833 Carloviensis
717 4792 771 4832 nec
795 4793 855 4833 non
877 4776 1007 4833 Thadaei
1031 4775 1200 4845 Schwaiger
1223 4775 1414 4845 protonotarii
1450 4775 1619 4844 subscripta
1653 4779 1681 4827 et
1713 4775 1753 4826 si·

356 4863 433 4931 gillis
456 4865 614 4919 eorundem
639 4866 837 4934 communita;
861 4865 1012 4936 privilegia
1034 4877 1103 4918 vero
1126 4860 1157 4916 in
1180 4877 1246 4932 pag.
1274 4861 1397 4918 25-61
1423 4867 1494 4915 sunt
1517 4859 1635 4932 coplata
1657 4865 1686 4914 ct
1706 4875 1753 4930 per

356 4949 392 5006 Α,
415 4947 468 5004 Th.
492 4934 619 5020 Sticllra,
643 4955 842 5022 praepositum
865 4957 894 5005 et
917 4951 1147 5022 protonotarium
1172 4949 1369 5020 apostolieum
1394 4945 1547 5002 vidimata.
1586 4945 1687 5001 Codex
1708 4945 1753 5000 hic

357 5039 418 5092 sine
443 5037 532 5092 dubio
556 5052 571 5090 e
595 5037 722 5092 canonia
744 5036 929 5093 Carloviensi
954 5038 1097 5108 provenit.

1032 5253 1083 5305 438
