3890 5970
869 589 910 649 76

288 794 310 857 i.
334 790 540 856 ‘ml—260b
570 794 758 874 (Iohannis
786 794 1117 874 Hildesheimensis)
1149 793 1257 857 Gesta
1285 796 1392 858 trium
1414 813 1536 876 regum
1558 803 1593 858 et

182 882 435 944 translationes
457 898 591 944 eorum.

287 985 309 1048 i.
333 981 539 1047 2tiOI--271b
560 985 740 1060 (Matthaei
763 984 1025 1065 cracoviensis)
1047 985 1216 1064 Dialogus
1239 987 1282 1049 de
1304 986 1477 1066 frequenti
1500 1004 1591 1051 com·

184 1073 360 1135 munione.
388 1071 583 1134 »Multorum
599 1080 665 1134 tam
682 1074 871 1134 clericorum
889 1089 989 1152 quam
1006 1075 1194 1152 laycorum«
1210 1075 1243 1133 ><
1260 1075 1390 1136 »datum
1408 1081 1459 1137 esi
1471 1092 1591 1155 corpus

183 1159 215 1220 d.
239 1177 271 1221 n.
295 1159 323 1221 J.
348 1158 443 1222 Chia
465 1209 473 1224 .
492 1207 528 1225 ..

286 1263 308 1326 i.
332 1259 534 1324 eia-276⁶
556 1262 664 1326 Stella
686 1262 904 1326 clericorum.
937 1262 1060 1342 »Quasi
1085 1264 1177 1324 stella
1199 1270 1375 1327 matutina«
1393 1267 1424 1324 ><
1440 1282 1609 1344 ‚superer

183 1351 303 1412 xaltate
327 1368 403 1411 eum
427 1356 459 1412 in
484 1368 511 1411 s.
536 1367 584 1410 s«

287 1457 320 1513 In
343 1457 400 1512 line
433 1459 611 1514 rubricatum
643 1464 703 1516 est:
740 1457 843 1513 »Liber
874 1457 1043 1514 monasterii
1075 1459 1182 1513 domus
1212 1475 1236 1516 s.
1261 1457 1357 1529 Egidii
1380 1459 1590 1516 canonicorum

181 1546 359 1614 regularium
383 1550 413 1600 ln
436 1544 599 1615 Witignaw
614 1545 688 1600 alias
712 1545 741 1600 in
774 1544 906 1601 Trzebon
937 1545 1065 1600 donatus
1096 1559 1148 1615 per
1181 1547 1260 1602 dom.
1293 1545 1450 1602 Nicolaum
1481 1549 1590 1602 dictum

182 1631 306 1689 Sellar.‹
332 1631 484 1703 Operculis
508 1631 638 1702 adligata
661 1637 731 1687 sunt
747 1631 806 1686 duo
822 1631 893 1687 lolia
909 1632 1030 1688 membr.
1048 1631 1179 1687 missalis
1196 1647 1276 1689 saec.
1291 1631 1452 1710 XIIIIXIV,
1467 1650 1591 1706 quorum

181 1717 271 1787 priori
303 1733 393 1774 manu
422 1734 501 1775 saec.
532 1715 588 1772 XV
611 1717 752 1789 inscripta
775 1725 820 1774 est
850 1717 952 1774 tabula
983 1723 1197 1775 contentorum.
1228 1719 1264 1775 A.
1302 1720 1382 1776 1609
1414 1723 1509 1776 codex
1531 1729 1592 1777 erat

182 1805 254 1862 bibl.
279 1805 523 1876 Rosenbergicae,
547 1806 652 1860 deinde
675 1805 780 1860 iterum
805 1803 975 1860 monasterii
997 1803 1204 1861 Tiebonensis.

287 2024 344 2105 74
788 2025 818 2101 I.
847 2025 892 2100 B.
920 2025 982 2101 18.

180 2183 323 2246 membr.
347 2201 380 2245 a.
410 2185 496 2247 1392
513 2183 560 2267 ff.
580 2183 654 2258 228,
684 2183 829 2247 31><23
862 2201 925 2246 cra.
958 2183 1047 2244 binis
1071 2184 1272 2264 pleramque
1302 2185 1362 2246 col.
1387 2203 1459 2246 aaa
1482 2202 1589 2246 mana

176 2271 360 2350 praeclare
380 2275 545 2334 exaratas
568 2275 597 2332 et
619 2269 666 2334 lit.
690 2271 812 2332 initiat.
831 2269 933 2353 pictis
955 2273 1056 2350 aiqae
1078 2270 1254 2331 deauratis
1275 2275 1467 2332 exornatas.

287 2391 473 2471 (Pseudo)
496 2390 658 2471 Dionysii
679 2391 912 2470 Areopagitae
943 2407 1066 2469 opera:
1098 2391 1138 2451 de
1170 2391 1301 2451 caelesti
1333 2391 1520 2464 hierarchia,
1552 2392 1592 2452 de

181 2480 407 2540 ecclesiastica
436 2479 625 2553 hierarchia,
657 2479 698 2539 de
729 2479 847 2540 divinis
870 2478 1068 2550 nominibus,
1103 2478 1143 2538 de
1167 2481 1308 2556 mystica
1331 2478 1503 2556 theologia,
1527 2484 1593 2557 epi·

181 2567 299 2627 stolae.
324 2565 459 2627 Accedit
482 2571 738 2628 commentarius
762 2566 960 2644 marginalis
1395 2593 1401 2605 ·

182 2755 267 2817 ¹392
287 2668 307 2729 l.
333 2665 413 2732 228b
446 2665 671 2749 »Suffragante
702 2671 812 2731 divina
843 2668 1065 2730 misericordia
1096 2667 1207 2728 finitus
1240 2673 1291 2728 est
1321 2671 1382 2729 iste
1405 2669 1535 2730 libera.
1560 2670 1592 2730 d.

286 2863 456 2920 Praeclarus
479 2864 527 2918 hic
550 2866 645 2920 codex
668 2870 729 2919 erat
752 2866 902 2936 quondam
927 2861 1051 2933 Collegii
1074 2861 1224 2918 immacul.
1249 2862 1452 2932 conceptionis
1477 2861 1594 2919 fratrum

179 2951 328 3006 minorum
351 2949 546 3008 HIbernorum
572 2951 736 3023 Pragensis.

289 3167 342 3249 75
788 3166 820 3242 I.
849 3163 892 3241 B.
921 3166 982 3242 10.

179 3327 290 3389 chart.
313 3344 401 3389 saec.
426 3325 495 3388 XV
508 3325 549 3407 ff.
574 3323 647 3401 108,
670 3325 813 3388 31)(21
838 3341 900 3386 cm.
925 3323 943 3386 1
968 3341 1013 3385 m.
1038 3340 1117 3385 cam
1140 3324 1211 3386 init.
1226 3323 1305 3406 pict.

286 3448 460 3528 (Hugonis
482 3445 805 3526 Argentoratensis)
830 3444 1084 3524 compendium
1106 3445 1324 3524 theologicae
1345 3445 1516 3508 veritatis.

286 3555 431 3628 Operculo
454 3556 536 3612 inler.
563 3555 715 3626 alligatum
738 3555 786 3612 Iol.
812 3555 932 3611 membr.
957 3553 1090 3609 Missalis
1107 3553 1235 3609 alicuius
1251 3568 1330 3610 saec.
1347 3551 1427 3611 XIV.
1445 3554 1590 3625 Opercalo

179 3659 278 3716 super.
303 3643 481 3699 intrinsecus
505 3643 647 3712 inscripta
677 3648 721 3697 est
751 3641 873 3697 donatio
904 3655 1012 3711 magna
1042 3656 1079 3694 ex
1109 3645 1190 3711 parte
1220 3656 1314 3710 erasa,
1345 3653 1382 3695 ex
1413 3657 1472 3713 qua
1494 3648 1592 3696 tamen

178 3730 456 3801 comprehendimus
479 3731 612 3784 codicem
636 3735 768 3784 nostrum
793 3744 819 3785 a.
848 3726 928 3783 1464
954 3729 1124 3798 aquodam
1148 3728 1303 3798 capitaneo
1328 3727 1404 3784 arcis
1429 3727 1592 3783 Crumlovi-

179 3821 261 3874 ensis
293 3820 436 3873 donatum
466 3830 532 3870 esse
562 3815 743 3870 monasterio
774 3812 966 3871 Iiebonensi.
990 3813 1101 3869 Deinde
1125 3814 1221 3870 codex
1243 3821 1305 3870 erat
1328 3813 1358 3869 in
1384 3814 1456 3872 bibl.
1480 3814 1592 3870 Rosen-

180 3905 312 3975 bergica,
335 3919 372 3959 ex
394 3917 455 3974 qua
477 3905 581 3958 iterum
604 3903 634 3956 in
659 3907 787 3958 monast.
811 3900 975 3971 praelatum
997 3902 1137 3971 pervenit.

289 4121 341 4203 76
786 4121 816 4196 I.
845 4119 892 4196 B.
920 4118 981 4194 20.

179 4279 289 4340 chart.
314 4296 346 4340 a.
371 4279 459 4341 1700
480 4278 588 4341 scribi
609 4281 750 4360 coeptas,
774 4278 891 4339 deinde
913 4277 995 4340 aliis
1017 4277 1178 4339 manibus
1194 4277 1410 4340 continuatus
1425 4293 1529 4356 asque
1544 4275 1592 4337 nd

178 4385 213 4427 a.
227 4365 322 4443 1745,
346 4365 517 4428 contineas
527 4363 574 4447 ff.
598 4367 651 4440 35,
674 4365 821 4428 31><20
842 4381 908 4427 cm.
932 4368 962 4426 et
986 4368 1057 4426 ocio
1080 4364 1244 4440 imagines
1261 4363 1382 4445 pictos

285 4485 449 4566 Syllabas
478 4486 644 4548 abbatum
675 4492 710 4549 et
739 4486 890 4549 fratrum
924 4485 961 4546 In
992 4485 1208 4549 monasterio
1231 4485 1264 4553 S.
1289 4484 1425 4548 Nicolai
1445 4481 1592 4546 Vetero-

178 4573 313 4652 Pragae
336 4573 406 4634 ord.
431 4571 464 4635 S.
489 4572 655 4634 Benedicti
678 4574 721 4636 ab
743 4593 774 4636 a.
801 4570 893 4649 1635,
918 4588 984 4651 quo
1019 4590 1061 4633 ex
1086 4571 1220 4634 Slowan
1243 4573 1341 4651 vulgo
1365 4572 1524 4633 Emmaus
1547 4571 1590 4632 ad

179 4659 214 4722 S.
239 4659 361 4721 Nicolai
385 4661 558 4721 ecclesiam
582 4661 687 4721 abbas
711 4677 786 4721 cum
811 4660 963 4722 iratrIbus
987 4666 1019 4720 et
1042 4664 1278 4722 monasterium
1302 4660 1494 4720 translatum
1518 4657 1585 4724 luit.

178 4751 395 4825 consignatus
418 4764 447 4807 a.
475 4745 558 4808 1700
580 4751 803 4821 (continuatus
826 4763 938 4824 usque
960 4747 1005 4807 ad
1027 4763 1057 4807 a.
1084 4743 1192 4824 1745).

285 4850 306 4912 l.
335 4850 417 4912 1-5
441 4849 545 4929 Copia
574 4853 770 4912 memorialis
800 4851 843 4912 ad
867 4849 1038 4912 Urbanum
1069 4848 1138 4910 VIII
1161 4867 1280 4929 papam
1305 4849 1370 4910 dati
1393 4865 1451 4927 pro
1474 4864 1590 4926 appro-

181 4939 310 4999 batione
329 4938 560 4999 translationis
585 4935 788 5016 (Sequuntur
810 4941 970 5016 imagines
993 4944 1024 4998 et
1046 4941 1130 4997 vitae
1154 4938 1335 5012 abbatum.)

285 5043 387 5100 Codex
410 5047 473 5100 sine
497 5045 587 5100 dubio
611 5059 626 5100 e
649 5050 777 5101 monast.
799 5045 929 5115 praelato
953 5044 991 5099 ad
1015 5059 1069 5098 nos
1094 5043 1233 5114 pervenit.

869 5263 902 5315 23
