3830 5966
1032 552 1111 614 1127

476 756 554 838 1127
952 757 1012 834 VI.
1040 757 1084 836 E.
1113 758 1174 836 12.

372 899 480 961 chori.
503 915 591 961 saec.
614 897 683 960 XV
702 895 800 979 (pars
821 916 853 964 α.
878 896 978 979 1415)
988 897 1036 980 ff.
1060 897 1134 972 200,
1157 897 1198 962 21
1214 897 1310 976 ><16
1321 871 1385 960 cm.
1410 899 1441 960 d.
1465 916 1510 961 m.

476 1019 497 1080 l.
525 1015 680 1083 l·-—l1lOb
709 1020 897 1084 Sermones
926 1019 1153 1082 dominicales
1182 1035 1245 1097 per
1266 1019 1435 1082 circulum
1465 1021 1557 1092 anni,
1588 1027 1624 1082 ut
1654 1021 1778 1082 docent

372 1109 636 1186 interpolationes
660 1108 850 1168 bohemicae
873 1111 904 1168 in
929 1113 1028 1177 textu,
1053 1123 1074 1168 a
1097 1109 1248 1184 quodam
1277 1106 1442 1177 Bubeium
1478 1107 1537 1184 qui
1558 1112 1678 1169 tamen
1702 1123 1774 1168 ser·

372 1193 536 1256 monibus
559 1192 722 1256 Guilelmi
745 1193 881 1256 Percidi
903 1193 1146 1272 Lugdunensis
1176 1209 1265 1255 usus
1300 1209 1381 1256 esse
1404 1195 1554 1270 videtur,
1586 1193 1772 1271 compilati.

376 1279 484 1342 »Hora
507 1287 558 1342 est
580 1285 644 1342 iam
674 1297 737 1346 nos
761 1281 801 1340 de
833 1297 953 1342 somno
985 1297 1137 1358 surgere«
1155 1277 1183 1342 Χ
1201 1281 1262 1341 »ad
1286 1281 1419 1342 delicias
1455 1285 1622 1343 societatis
1653 1287 1774 1352 eterne,

373 1369 415 1428 ad
439 1383 551 1447 quas«

478 1452 498 1518 l.
525 1451 725 1514 141·-1731
751 1451 940 1515 Sermones
963 1451 1103 1514 diversi.

478 1539 498 1600 l.
528 1533 724 1601 llo-174⁸
746 1537 850 1600 Notae
874 1541 1076 1618 theologicae
1098 1543 1217 1600 van'ae.

477 1626 498 1687 1.
527 1622 723 1688 175⁸-177b
746 1625 903 1702 (anepigr.)
936 1625 1109 1688 lobannis
1143 1625 1219 1686 Hus
1253 1625 1434 1688 Tractatus
1471 1629 1513 1687 de
1549 1625 1780 1689 matrimonio

375 1713 465 1792 (edit.
489 1709 631 1774 Norimb.
656 1711 678 1780 l.
702 1710 767 1791 33).

477 1798 498 1860 l.
527 1795 728 1861 1782-195l’
752 1797 986 1878 Quaestiones
1018 1815 1125 1876 super
1154 1803 1279 1876 quarto
1302 1797 1563 1861 Sententiarum
1587 1817 1608 1861 a
1630 1799 1710 1861 dist.
1734 1796 1776 1859 27

376 1885 582 1963 incipiendo.
631 1886 684 1949 »ln
719 1896 833 1964 quarto
868 1885 947 1945 libro
979 1889 1218 1946 sentenciarum
1251 1885 1325 1947 dist.
1350 1885 1390 1946 27
1415 1892 1571 1947 tractatus
1604 1886 1645 1946 de
1669 1890 1778 1946 matn‘-

374 1976 496 2034 monio,
542 1971 672 2050 Duplex
694 1978 745 2032 est
775 1975 938 2034 institucio
973 1976 1186 2032 matrimonii«
1202 1973 1234 2028 ><
1251 1971 1363 2051 »Expl
1387 1973 1468 2033 liber
1499 1977 1711 2051 questionum
1736 1973 1778 2031 de

374 2057 416 2120 Ν
439 2060 518 2120 libro
550 2057 795 2120 Sentenciarum
826 2057 937 2119 finims
969 2059 1106 2120 sabbato
1137 2057 1355 2120 antelestum
1380 2076 1407 2120 s.
1432 2063 1579 2120 trinitatis
1603 2061 1721 2120 suba.
1746 2059 1775 2118 d.

479 2231 499 2293 l.
529 2227 728 2293 1962-19612
751 2230 972 2292 Institutiones
996 2231 1139 2309 papales,

479 2319 501 2379 l.
529 2313 730 2379 196b-2oob
752 2315 856 2378 Notae
879 2320 987 2378 variae
1011 2318 1222 2395 theologicae.

483 2423 515 2479 In
540 2425 707 2479 membrana
730 2422 867 2495 operculo
891 2423 973 2482 inler.
997 2425 1126 2495 adligata
1156 2433 1313 2481 occurrunt
1344 2427 1482 2497 rescripta
1513 2427 1659 2497 quaedam
1691 2441 1779 2479 voca-

375 2513 446 2568 bula
467 2510 737 2567 latino-bohemica.
783 2509 816 2565 In
839 2513 1008 2567 membrana
1039 2512 1176 2582 operculo
1208 2527 1303 2584 super.
1329 2512 1513 2583 adglutinata
1544 2518 1687 2567 annotata
1710 2519 1779 2566 sunt

376 2602 514 2654 contenta
536 2599 627 2652 totius
650 2596 770 2656 codicis.
805 2595 882 2652 Nota
904 2597 934 2652 in
957 2597 976 2655 l.
1002 2598 1094 2655 200⁵:
1139 2597 1215 2654 »Iste
1250 2599 1323 2655 liber
1357 2605 1401 2655 est
1436 2599 1606 2654 monasterii
1637 2597 1778 2654 Borowa·

376 2689 476 2740 nensis
507 2684 581 2739 alias
611 2681 754 2740 Forbos.«
778 2682 813 2739 A.
842 2683 922 2741 1609
946 2685 1041 2740 codex
1072 2691 1134 2740 erat
1166 2685 1237 2742 bibl.
1261 2685 1503 2756 Rosenbergicae‚
1535 2686 1641 2741 deinde
1672 2687 1776 2739 iterum

378 2771 547 2827 monasterii
570 2769 699 2841 praelati.

482 2883 562 2966 1128
842 2900 847 2910 ’
959 2885 1022 2961 VI.
1051 2885 1096 2962 E.
1122 2887 1182 2962 13.

376 3027 517 3088 arembr.
548 3040 637 3087 saec.
668 3020 875 3086 XII-XIII
895 3025 933 3108 ff.
958 3025 1024 3088 462
1053 3031 1105 3102 (::
1120 3027 1185 3089 924
1211 3030 1264 3109 pp.
1287 3035 1405 3106 numi,
1436 3028 1569 3106 22><15
1590 3027 1712 3098 cm.,d.
1737 3045 1779 3088 ru.

376 3146 592 3209 Breviarium
622 3149 672 3219 (ut
693 3146 833 3220 videtur)
855 3145 892 3208 in
915 3164 1020 3209 usum
1051 3147 1255 3210 monialium
1278 3165 1308 3210 s,
1332 3147 1472 3228 Georgii
1495 3149 1531 3210 in
1555 3155 1673 3211 castro
1697 3147 1781 3210 Pra-

655 3232 756 3310 gensi
779 3234 1020 3312 conscriptum
1041 3238 1272 3312 praecedente
1295 3235 1503 3298 calendario.

481 3357 655 3429 Diligentius
686 3358 886 3414 observandae
916 3365 986 3415 sunt
1013 3359 1100 3415 vitae
1131 3375 1156 3418 s.
1190 3364 1399 3430 patronorum
1433 3359 1607 3416 Bobcmiae
1637 3359 1717 3416 libro
1740 3361 1783 3413 in-

378 3451 481 3516 sertae,
504 3460 626 3516 quarum
650 3459 709 3500 una
731 3445 768 3515 (s.
793 3443 949 3501 venceslai
972 3445 1060 3518 incip.
1084 3462 1112 3517 p.
1138 3446 1200 3502 415
1229 3446 1308 3503 »Sub
1332 3461 1421 3518 regno
1445 3447 1662 3518 gloriosissimo
1686 3462 1782 3501 roma·

379 3527 518 3606 norum«)
549 3531 578 3586 in
602 3529 686 3586 Font.
727 3546 780 3590 rer.
811 3531 879 3590 bob.
911 3533 1100 3590 desideratur.
1146 3532 1217 3589 Item
1248 3536 1449 3590 annotandum
1481 3535 1573 3590 vitam
1596 3547 1621 3594 s.
1646 3533 1782 3604 Procopii

382 3621 442 3690 (pp.
469 3607 564 3674 540-
576 3617 653 3688 543)
674 3617 749 3673 llbro
771 3621 912 3674 insertum
927 3635 992 3674 esse
1008 3621 1112 3688 serius,
1137 3621 1215 3691 quod
1233 3619 1341 3676 lactum
1358 3635 1422 3676 esse
1439 3628 1508 3692 post
1523 3620 1781 3676 canonisationern

379 3721 406 3764 a.
434 3705 514 3762 1204
538 3707 686 3776 probatur.
712 3703 813 3761 Codex
837 3707 901 3761 sine
924 3706 1015 3762 dubio
1039 3721 1054 3760 e
1078 3712 1203 3764 monast.
1228 3723 1253 3766 s.
1278 3705 1395 3778 Georgii
1419 3708 1561 3780 provenit.

485 3871 563 3952 ll2ll
960 3873 1023 3948 VI.
1052 3869 1095 3950 E.
1123 3874 1185 3949 14.

377 4011 566 4074 membran.
589 4029 622 4074 α.
645 4011 731 4076 1423
740 4011 788 4094 ff.
809 4012 874 4075 518
894 4011 984 4092 (l-2
1007 4013 1139 4092 chart),
1154 4012 1197 4076 20
1211 4013 1249 4093 ><
1261 4013 1305 4077 14
1318 4031 1392 4089 cm.,
1408 4012 1440 4075 d.
1458 4032 1503 4078 m.
1520 4031 1600 4075 curn
1615 4015 1689 4075 inil.
1701 4015 1780 4096 pici.

667 4133 778 4196 Biblia
801 4150 901 4196 sacra
923 4133 1064 4197 Veteris
1088 4140 1124 4197 et
1145 4133 1238 4198 Novi
1260 4133 1485 4198 Testamenti.

481 4250 607 4316 44761»
632 4253 744 4317 »Hanc
768 4255 896 4316 bibliam
920 4255 994 4318 iecit
1024 4257 1164 4318 scn'bere
1187 4253 1325 4318 Michael
1356 4257 1514 4318 sacerdos
1537 4257 1624 4319 filius
1649 4257 1780 4337 Georgii

381 4342 421 4402 de
453 4339 604 4403 Cluswar
632 4358 692 4403 nec
721 4358 787 4403 non
820 4349 994 4404 succentor
1023 4344 1269 4423 metropolitane
1300 4344 1438 4406 ecclesie
1471 4342 1783 4406 Trnnssilvanensis

382 4445 408 4487 s.
432 4426 600 4489 Michaelis
629 4430 840 4507 archangeli.
861 4445 978 4508 ..que
1008 4428 1099 4492 linita
1128 4435 1179 4491 est
1202 4431 1265 4491 sub
1289 4447 1317 4492 a.
1345 4429 1426 4492 1423
1450 4431 1482 4492 in
1507 4433 1615 4509 vigilia
1647 4433 1784 4510 epipha-

383 4531 540 4576 marum«

485 4600 507 4662 l.
530 4597 735 4661 4771-5121
758 4601 976 4680 interpretatio
1004 4603 1238 4664 vocabulorum
1262 4604 1498 4665 hebraicorum.

486 4687 506 4747 i.
530 4685 737 4749 5132—51712
761 4686 870 4750 Series
893 4695 926 4750 et
949 4692 1041 4752 initia
1063 4693 1298 4768 pericoparum.

487 4773 508 4836 l.
530 4769 734 4835 5171-5201
759 4774 860 4836 Index
882 4775 1108 4853 alphabeticus
1132 4792 1239 4836 rerum
1263 4781 1295 4838 in
1319 4777 1425 4838 bibliis
1448 4781 1701 4839 occurrentium.

485 4859 506 4921 f.
530 4860 612 4921 520·
634 4855 748 4923 Pravo
770 4877 791 4923 a
813 4863 996 4924 ustavenie
1019 4855 1237 4924 krdlovstvie
1261 4841 1424 4926 Geslreho
1444 4880 1466 4924 o
1481 4857 1654 4926 lichvdch.
1681 4861 1786 4924 »Toto

382 4950 552 5008 ustavenie
586 4941 726 5008 udineno
753 4947 820 5028 jest
842 4965 863 5010 v
886 4929 1038 5011 Gecha'rcb
1073 4950 1135 5010 leta
1165 4950 1209 5009 od
1240 4955 1415 5012 narozenie
1450 4946 1590 5011 boiieho
1629 4948 1714 5011 1360
1747 4967 1786 5010 za

384 5035 541 5112 prvnieho
564 5033 774 5113 arcibiskupa
797 5031 862 5096 te'to
886 5033 979 5098 zeme
1002 5030 1173 5098 Amastris

1059 5258 1110 5310 456
