3844 5968
224 788 309 870 253
729 790 758 864 I.
786 792 828 865 F.
856 791 918 866 21.

121 929 231 992 chart.
254 947 340 992 saec.
365 919 433 992 XV
452 929 590 1010 (14371)
601 931 648 1013 ff.
674 931 737 994 162
759 948 861 1004 nam„
883 931 1026 994 24><17
1053 951 1128 1007 cm„
1153 933 1213 997 litt.
1226 915 1369 996 minuet.
1394 951 1523 996 renasc.

120 1017 181 1078 litt.
208 1016 242 1076 in
265 1015 371 1078 ltalia
395 1035 466 1078 rena
489 1035 598 1080 manu
621 1017 824 1080 nitidissime
845 1021 1017 1081 exaratus

227 1137 395 1215 Stephani
417 1137 524 1202 Flisci
567 1140 609 1202 de
642 1137 798 1202 Soncino
836 1138 1045 1220 Synonyma
1074 1141 1338 1217 sententiarum,
1371 1141 1525 1206 iohanni

120 1222 353 1299 Meliorantio‚
379 1229 441 1286 civi
463 1223 671 1302 vincentino
694 1226 887 1288 cancellario
912 1225 1070 1289 Paduano
1094 1245 1124 1290 a.
1162 1226 1245 1290 1437
1278 1229 1400 1291 dicata.
1446 1229 1525 1308 (Aut

121 1313 276 1390 originale
300 1312 468 1392 exemplar
491 1312 588 1374 dicati
611 1317 720 1392 operis
743 1317 863 1392 ipsum,
888 1317 945 1374 aut
968 1317 1194 1393 apographum
1208 1317 1430 1377 sollertissime
1446 1333 1523 1378 con-

122 1402 280 1476 scriptum
305 1403 336 1458 in
362 1401 527 1478 praeclara
550 1400 663 1460 charta
684 1401 789 1460 italica
813 1418 899 1462 saec.
925 1400 1009 1479 XV).

223 1506 259 1560 A.
287 1506 367 1561 1009
393 1508 488 1561 codex
518 1505 587 1562 bibl.
612 1506 854 1576 Rosenbergicac,
878 1510 945 1562 dein
970 1517 1097 1568 monast.
1121 1507 1247 1566 'll-ebon.
1270 1510 1333 1565 luit.

226 1689 311 1770 254
727 1693 757 1767 Ι.
786 1693 827 1766 F.
855 1693 917 1766 22.

119 1833 231 1893 chart.
253 1848 340 1893 saec.
364 1829 562 1894 XIV-XV
568 1832 616 1914 ff.
641 1831 716 1907 188,
737 1833 883 1895 22><15
902 1850 965 1895 cm.
990 1833 1008 1895 1
1033 1853 1078 1895 m.

221 1953 242 2012 1.
264 1949 418 2014 1·-172δ
442 1955 601 2031 (anepigr.)
624 1953 863 2016 Auctoritates
887 1955 1109 2017 diversorum
1131 1961 1314 2019 auctorum
1330 1959 1372 2020 de
1387 1957 1523 2021 virtuti-

119 2039 573 2188 ggssretdglr'itciiies.sssgtee«flde.
592 2041 798 2102 Bernardus:
822 2040 945 2120 Magna
960 2041 1047 2102 fides
1064 2058 1185 2121 magna
1200 2050 1358 2106 meretur<
1377 2046 1411 2104 ><
1429 2047 1522 2108 »huic

225 2230 245 2292 1.
275 2227 480 2291 1721-1841
505 2235 663 2306 (anepigr.)
685 2230 900 2294 Testimonia
918 2233 1168 2310 prophetarum
1184 2235 1226 2296 de
1242 2233 1384 2297 Christo
1400 2242 1525 2298 contra

120 2317 295 2379 iudaicam
317 2317 525 2394 pravitatem
550 2316 658 2397 (Opus
682 2323 714 2378 in
737 2319 802 2380 tine
827 2321 1000 2394 mutilum).
1028 2319 1208 2400 »Quamvis
1232 2326 1296 2382 iam
1312 2339 1395 2400 pene
1412 2329 1523 2386 omnia

119 2409 240 2465 veteris
264 2409 448 2465 testamenti
472 2407 640 2466 volumina
663 2409 886 2466 testimonium
909 2405 1040 2467 Christo
1064 2408 1271 2486 perhibeant«
1298 2410 1332 2465 ><
1358 2409 1428 2470 »Ille
1451 2427 1522 2472 ver-

120 2495 183 2550 mis
206 2492 324 2552 videns
348 2491 516 2570 quoddam
540 2507 695 2569 pomum«
721 2495 843 2566 (cetera
866 2493 1009 2565 desunt).

225 2594 246 2655 1.
275 2594 476 2656 1851-187·
500 2594 685 2674 Registrum
708 2599 945 2657 auctoritatum.

220 2699 242 2760 1.
271 2695 347 2761 187b
372 2697 405 2761 S.
431 2699 585 2761 Bemardi
607 2699 777 2778 Expositio
813 2705 967 2762 orationis
1006 2701 1201 2772 dominicae,
1237 2719 1336 2783 quam
1370 2711 1524 2783 peccator

117 2785 203 2860 dicit,
228 2791 281 2846 cui
306 2786 389 2847 deus
414 2786 600 2865 respondet.

223 2889 244 2950 1.
275 2889 349 2951 188·
370 2891 476 2951 Arbor
497 2895 789 2970 consanguinitatis
813 2906 888 2952 cum
916 2895 1183 2970 interpretatione
1196 2893 1368 2956 bohemica
1391 2871 1521 2969 (desire

117 2971 234 3056 nizvy
254 2969 519 3055 phbuzenstvr'.)

224 3080 244 3141 1.
275 3076 351 3142 188b
374 3079 477 3142 Notae
502 3087 612 3142 variae
637 3082 848 3159 theologicae.

221 3187 378 3260 Operculis
403 3189 532 3260 adligata
554 3196 623 3245 sunt
646 3191 764 3246 membr.
789 3188 839 3245 iol.
864 3189 977 3244 codicis
1001 3203 1083 3247 saec.
1108 3188 1177 3245 XIV
1192 3207 1303 3263 argum.
1328 3197 1519 3262 grammatici.

110 3273 133 3328 E
167 3283 320 3331 conventu
345 3278 407 3330 ord.
432 3273 595 3333 Praedicat.
619 3276 762 3332 Plznensi.

217 3458 299 3540 255
327 3460 407 3542 256
670 3462 767 3538 tr.
795 3462 850 3536 23
875 3466 910 3538 a
926 3460 988 3535 24.
1089 3425 1092 3430 ’

112 3596 254 3662 Codices
275 3600 342 3661 duo
367 3601 475 3664 chart.
498 3619 587 3665 saec.
610 3600 735 3664 XVIII
751 3601 823 3682 (cca
847 3599 955 3680 1747),
982 3618 1130 3680 quorum
1161 3603 1250 3664 alter
1278 3605 1330 3676 66,
1364 3607 1452 3668 alter
1477 3606 1520 3671 46

104 3685 142 3768 ff
168 3687 323 3758 continet,
347 3688 468 3753 20)(16
481 3707 554 3763 cm„
566 3691 829 3771 praeterpaiica
843 3687 1080 3749 additamenta
1092 3705 1163 3750 una
1179 3707 1286 3751 mauu
1297 3690 1348 3771 (P.
1368 3689 1519 3756 Christo-

102 3773 209 3852 pheri
232 3771 345 3834 Mittis
369 3774 619 3838 bibliothecarii
625 3776 657 3855 ,9)
683 3776 813 3837 cursim
836 3774 980 3834 exarati.

223 3893 382 3972 catalogi
403 3897 636 3960 bibliothecae
659 3897 803 3960 maioris
827 3895 965 3974 collegii
987 3895 1022 3957 S.
1045 3894 1077 3957 J.
1102 3895 1314 3962 Clementini
1345 3900 1379 3979 a)
1403 3908 1518 3965 orato-

109 3999 189 4043 rum
214 3983 281 4044 suh
304 3983 407 4045 litera
428 3984 455 4045 P
477 3985 527 4065 (n.
550 3983 608 4063 23)
632 3984 668 4064 b)
692 3985 888 4046 ethicorum
911 3984 977 4044 sub
999 3981 1102 4044 litera
1125 3982 1154 4044 0
1179 3984 1227 4062 (n.
1251 3985 1318 4066 24).
1341 3986 1406 4063 (Cf.
1429 3988 1517 4051 Han·

109 4069 182 4143 slik,
209 4067 332 4132 Geseh.
358 4088 389 4132 u.
414 4071 547 4132 Beschr.
572 4073 602 4133 d.
628 4073 747 4150 Preger
770 4069 965 4132 Univ.-Bibl.
990 4087 1022 4148 p.
1046 4069 1114 4148 51.)

215 4239 296 4320 257
730 4243 759 4317 l.
787 4241 828 4316 F.
856 4241 917 4316 25.

107 4379 220 4442 chart.
246 4399 279 4444 a.
301 4381 517 4446 1455-1469
527 4383 573 4465 ff
597 4384 672 4459 307,
695 4385 840 4448 22)(16
863 4402 937 4459 cm„
975 4383 1171 4445 maximnm
1188 4387 1324 4464 partem
1354 4404 1377 4447 a
1410 4383 1517 4450 Cruce

107 4467 148 4526 de
176 4467 271 4529 Telcc
293 4472 465 4531 exaratus,

234 4639 240 4654 .
270 4588 429 4654 12-1281’
452 4591 627 4655 iohannis
650 4591 817 4655 Versoris
852 4592 1091 4674 Quaestiones
1121 4591 1184 4654 XII
1205 4593 1375 4655 librorum
1406 4591 1515 4656 Meta-

105 4677 281 4758 physicae
302 4677 517 4742 Aristotelis
545 4680 605 4740 »Et
628 4685 676 4741 sic
701 4687 752 4741 est
774 4679 850 4742 finis
873 4679 941 4742 Xll.
966 4680 1035 4739 libri
1067 4679 1293 4759 llletaphysice
1316 4699 1344 4742 a.
1370 4680 1401 4741 d.
1433 4679 1515 4743 1459

107 4764 163 4910 ζῇ.
188 4763 220 4823 V
255 4768 417 4910 ilnvigilia
441 4785 466 4826 S.
492 4767 622 4828 Andree
647 4785 704 4846 per
727 4766 875 4831 Crucem
899 4768 942 4829 de
965 4764 1065 4828 Telcz
1090 4765 1189 4844 Prage
1213 4770 1245 4827 in
1269 4768 1405 4846 collegio
1429 4771 1514 4846 regis

152 4868 257 4913 ences
270 4869 309 4911 ar.
321 4877 333 4904 ι

213 4954 234 5102 ἓ
264 4954 324 5016 129
358 4956 483 5034 Aegidii
522 4957 563 5017 de
601 4955 764 5018 Columna
802 4956 938 5018 Romani
976 4956 1016 5018 22
1051 4962 1291 5035 propositiones
1322 4958 1362 5017 de
1386 4961 1460 5018 ente
1483 4963 1515 5018 et

106 5059 212 5103 essen
236 5059 266 5102 a.
766 5063 769 5075 ’

788 5267 836 5318 105
