<?xml version="1.0" encoding="UTF-8"?>
<!DOCTYPE html PUBLIC "-//W3C//DTD XHTML 1.0 Transitional//EN"
    "http://www.w3.org/TR/xhtml1/DTD/xhtml1-transitional.dtd">
<html xmlns="http://www.w3.org/1999/xhtml" xml:lang="en" lang="en">
 <head>
  <title>
</title>
<meta http-equiv="Content-Type" content="text/html;charset=utf-8" />
  <meta name='ocr-system' content='tesseract 3.04.00' />
  <meta name='ocr-capabilities' content='ocr_page ocr_carea ocr_par ocr_line ocrx_word'/>
</head>
<body>
  <div class='ocr_page' id='page_1' title='image "./cataloguscodicu03truhgoog_0156.png"; bbox 0 0 3844 5968; ppageno 0'>
   <div class='ocr_carea' id='block_1_1' title="bbox 1053 535 1117 598">
    <p class='ocr_par' dir='ltr' id='par_1_1' title="bbox 1053 535 1117 598">
     <span class='ocr_line' id='line_1_1' title="bbox 1053 535 1117 598; baseline -0.031 0"><span class='ocrx_word' id='word_1_1' title='bbox 1053 535 1117 598; x_wconf 77' lang='lat'>294</span> 
     </span>
    </p>
   </div>
   <div class='ocr_carea' id='block_1_2' title="bbox 484 738 1194 820">
    <p class='ocr_par' dir='ltr' id='par_1_2' title="bbox 484 738 1194 820">
     <span class='ocr_line' id='line_1_2' title="bbox 484 738 1194 820; baseline 0.001 -3"><span class='ocrx_word' id='word_1_2' title='bbox 484 738 569 820; x_wconf 79' lang='lat'>294</span> <span class='ocrx_word' id='word_1_3' title='bbox 1000 741 1028 815; x_wconf 92' lang='lat' dir='ltr'>I.</span> <span class='ocrx_word' id='word_1_4' title='bbox 1058 741 1103 816; x_wconf 89' lang='lat' dir='ltr'>G.</span> <span class='ocrx_word' id='word_1_5' title='bbox 1132 742 1194 818; x_wconf 82' lang='grc'>18.</span> 
     </span>
    </p>
   </div>
   <div class='ocr_carea' id='block_1_3' title="bbox 379 877 1786 1051">
    <p class='ocr_par' dir='ltr' id='par_1_3' title="bbox 379 877 1786 1051">
     <span class='ocr_line' id='line_1_3' title="bbox 380 877 1786 964; baseline 0.004 -25"><span class='ocrx_word' id='word_1_6' title='bbox 380 877 488 940; x_wconf 84' lang='lat' dir='ltr'><em>chart.</em></span> <span class='ocrx_word' id='word_1_7' title='bbox 511 897 598 942; x_wconf 84' lang='lat' dir='ltr'>socc.</span> <span class='ocrx_word' id='word_1_8' title='bbox 622 877 691 940; x_wconf 91' lang='lat' dir='ltr'>XV</span> <span class='ocrx_word' id='word_1_9' title='bbox 704 881 746 962; x_wconf 75' lang='lat' dir='ltr'>ff.</span> <span class='ocrx_word' id='word_1_10' title='bbox 770 880 831 943; x_wconf 84' lang='lat'>151</span> <span class='ocrx_word' id='word_1_11' title='bbox 857 899 962 956; x_wconf 68' lang='lat' dir='ltr'>num„</span> <span class='ocrx_word' id='word_1_12' title='bbox 984 881 1162 946; x_wconf 84' lang='lat' dir='ltr'>2i·5&gt;&lt;15</span> <span class='ocrx_word' id='word_1_13' title='bbox 1192 901 1255 946; x_wconf 90' lang='lat' dir='ltr'>cm.</span> <span class='ocrx_word' id='word_1_14' title='bbox 1289 883 1308 945; x_wconf 93' lang='lat' dir='ltr'>l</span> <span class='ocrx_word' id='word_1_15' title='bbox 1333 901 1378 944; x_wconf 86' lang='lat' dir='ltr'>m.</span> <span class='ocrx_word' id='word_1_16' title='bbox 1424 881 1465 944; x_wconf 82' lang='lat' dir='ltr'>Iu</span> <span class='ocrx_word' id='word_1_17' title='bbox 1485 881 1606 964; x_wconf 82' lang='lat' dir='ltr'>srontc</span> <span class='ocrx_word' id='word_1_18' title='bbox 1639 881 1786 964; x_wconf 79' lang='lat' dir='ltr'><em>operculi</em></span> 
     </span>
     <span class='ocr_line' id='line_1_4' title="bbox 379 966 1408 1051; baseline 0.003 -25"><span class='ocrx_word' id='word_1_19' title='bbox 379 967 566 1045; x_wconf 80' lang='lat' dir='ltr'>superioris</span> <span class='ocrx_word' id='word_1_20' title='bbox 588 967 643 1028; x_wconf 84' lang='lat' dir='ltr'>hic</span> <span class='ocrx_word' id='word_1_21' title='bbox 667 966 786 1029; x_wconf 83' lang='lat' dir='ltr'>titulus</span> <span class='ocrx_word' id='word_1_22' title='bbox 808 985 916 1030; x_wconf 81' lang='lat' dir='ltr'>manu</span> <span class='ocrx_word' id='word_1_23' title='bbox 938 985 1025 1031; x_wconf 86' lang='lat' dir='ltr'>saec.</span> <span class='ocrx_word' id='word_1_24' title='bbox 1048 967 1118 1030; x_wconf 91' lang='lat' dir='ltr'>XV</span> <span class='ocrx_word' id='word_1_25' title='bbox 1137 971 1319 1051; x_wconf 78' lang='lat' dir='ltr'>inscriptus</span> <span class='ocrx_word' id='word_1_26' title='bbox 1341 973 1408 1030; x_wconf 82' lang='lat' dir='ltr'>cst.-</span> 
     </span>
    </p>
   </div>
   <div class='ocr_carea' id='block_1_4' title="bbox 805 1087 1360 1165">
    <p class='ocr_par' dir='ltr' id='par_1_4' title="bbox 805 1087 1360 1165">
     <span class='ocr_line' id='line_1_5' title="bbox 805 1087 1360 1165; baseline 0.005 -16"><span class='ocrx_word' id='word_1_27' title='bbox 805 1087 908 1150; x_wconf 84' lang='lat' dir='ltr'>»Jura</span> <span class='ocrx_word' id='word_1_28' title='bbox 931 1093 1027 1150; x_wconf 90' lang='lat' dir='ltr'>terre</span> <span class='ocrx_word' id='word_1_29' title='bbox 1047 1090 1143 1165; x_wconf 84' lang='lat' dir='ltr'>regni</span> <span class='ocrx_word' id='word_1_30' title='bbox 1164 1089 1360 1154; x_wconf 74' lang='lat' dir='ltr'>bohemie«</span> 
     </span>
    </p>
   </div>
   <div class='ocr_carea' id='block_1_5' title="bbox 381 1207 1785 1463">
    <p class='ocr_par' dir='ltr' id='par_1_5' title="bbox 381 1207 1785 1463">
     <span class='ocr_line' id='line_1_6' title="bbox 485 1207 1785 1292; baseline 0.004 -25"><span class='ocrx_word' id='word_1_31' title='bbox 485 1207 505 1268; x_wconf 88' lang='lat' dir='ltr'>i.</span> <span class='ocrx_word' id='word_1_32' title='bbox 534 1209 670 1270; x_wconf 65' lang='grc' dir='ltr'>1“-28α</span> <span class='ocrx_word' id='word_1_33' title='bbox 694 1213 853 1284; x_wconf 84' lang='lat' dir='ltr'>(anepigr.)</span> <span class='ocrx_word' id='word_1_34' title='bbox 888 1209 982 1272; x_wconf 87' lang='lat' dir='ltr'>Ordo</span> <span class='ocrx_word' id='word_1_35' title='bbox 1013 1210 1133 1273; x_wconf 88' lang='lat' dir='ltr'>iudicii</span> <span class='ocrx_word' id='word_1_36' title='bbox 1157 1217 1281 1275; x_wconf 90' lang='lat' dir='ltr'>terrae.</span> <span class='ocrx_word' id='word_1_37' title='bbox 1308 1209 1411 1272; x_wconf 84' lang='lat' dir='ltr'>»Nota</span> <span class='ocrx_word' id='word_1_38' title='bbox 1428 1212 1517 1292; x_wconf 91' lang='lat' dir='ltr'>quod</span> <span class='ocrx_word' id='word_1_39' title='bbox 1534 1215 1651 1291; x_wconf 89' lang='lat' dir='ltr'>siquis</span> <span class='ocrx_word' id='word_1_40' title='bbox 1668 1215 1700 1272; x_wconf 94' lang='lat' dir='ltr'>in</span> <span class='ocrx_word' id='word_1_41' title='bbox 1718 1229 1785 1290; x_wconf 91' lang='lat' dir='ltr'>pre·</span> 
     </span>
     <span class='ocr_line' id='line_1_7' title="bbox 381 1298 1782 1377; baseline 0.003 -23"><span class='ocrx_word' id='word_1_42' title='bbox 381 1298 494 1356; x_wconf 88' lang='lat' dir='ltr'>sencia</span> <span class='ocrx_word' id='word_1_43' title='bbox 517 1299 602 1373; x_wconf 87' lang='lat' dir='ltr'>regis</span> <span class='ocrx_word' id='word_1_44' title='bbox 624 1301 682 1357; x_wconf 86' lang='lat' dir='ltr'>aut</span> <span class='ocrx_word' id='word_1_45' title='bbox 704 1300 736 1356; x_wconf 92' lang='lat' dir='ltr'>in</span> <span class='ocrx_word' id='word_1_46' title='bbox 759 1298 896 1358; x_wconf 89' lang='lat' dir='ltr'>consilio</span> <span class='ocrx_word' id='word_1_47' title='bbox 920 1298 1035 1376; x_wconf 79' lang='lat' dir='ltr'>pleno«</span> <span class='ocrx_word' id='word_1_48' title='bbox 1062 1299 1095 1358; x_wconf 88' lang='grc'>&gt;&lt;</span> <span class='ocrx_word' id='word_1_49' title='bbox 1121 1303 1173 1359; x_wconf 87' lang='lat' dir='ltr'>»et</span> <span class='ocrx_word' id='word_1_50' title='bbox 1196 1305 1272 1360; x_wconf 91' lang='lat' dir='ltr'>tunc</span> <span class='ocrx_word' id='word_1_51' title='bbox 1304 1298 1390 1360; x_wconf 87' lang='lat' dir='ltr'>iacta</span> <span class='ocrx_word' id='word_1_52' title='bbox 1425 1303 1665 1377; x_wconf 86' lang='lat' dir='ltr'>protestacione</span> <span class='ocrx_word' id='word_1_53' title='bbox 1702 1315 1782 1359; x_wconf 90' lang='lat' dir='ltr'>suos</span> 
     </span>
     <span class='ocr_line' id='line_1_8' title="bbox 381 1379 1697 1463; baseline 0.003 -22"><span class='ocrx_word' id='word_1_54' title='bbox 381 1385 484 1444; x_wconf 89' lang='lat' dir='ltr'>testes</span> <span class='ocrx_word' id='word_1_55' title='bbox 507 1383 687 1459; x_wconf 86' lang='lat' dir='ltr'>producere</span> <span class='ocrx_word' id='word_1_56' title='bbox 710 1400 777 1444; x_wconf 94' lang='lat' dir='ltr'>non</span> <span class='ocrx_word' id='word_1_57' title='bbox 801 1389 955 1444; x_wconf 71' lang='lat' dir='ltr'>tenetur«</span> <span class='ocrx_word' id='word_1_58' title='bbox 981 1379 1132 1460; x_wconf 76' lang='lat' dir='ltr'>(iirecek,</span> <span class='ocrx_word' id='word_1_59' title='bbox 1157 1383 1287 1463; x_wconf 88' lang='lat' dir='ltr'>Corpus</span> <span class='ocrx_word' id='word_1_60' title='bbox 1311 1389 1368 1446; x_wconf 89' lang='lat' dir='ltr'>iur.</span> <span class='ocrx_word' id='word_1_61' title='bbox 1394 1385 1471 1450; x_wconf 89' lang='lat' dir='ltr'>boh.</span> <span class='ocrx_word' id='word_1_62' title='bbox 1495 1385 1529 1455; x_wconf 89' lang='lat' dir='ltr'>ii,</span> <span class='ocrx_word' id='word_1_63' title='bbox 1554 1386 1583 1459; x_wconf 87' lang='lat'>2,</span> <span class='ocrx_word' id='word_1_64' title='bbox 1611 1384 1697 1458; x_wconf 91' lang='grc'><em>198).</em></span> 
     </span>
    </p>
   </div>
   <div class='ocr_carea' id='block_1_6' title="bbox 381 1485 1783 1739">
    <p class='ocr_par' dir='ltr' id='par_1_6' title="bbox 381 1485 1783 1739">
     <span class='ocr_line' id='line_1_9' title="bbox 486 1485 1783 1567; baseline 0.002 -21"><span class='ocrx_word' id='word_1_65' title='bbox 486 1485 506 1546; x_wconf 93' lang='grc'>1.</span> <span class='ocrx_word' id='word_1_66' title='bbox 531 1485 689 1548; x_wconf 83' lang='grc'><em>28·-37·</em></span> <span class='ocrx_word' id='word_1_67' title='bbox 714 1485 882 1566; x_wconf 82' lang='lat' dir='ltr'>Querelae.</span> <span class='ocrx_word' id='word_1_68' title='bbox 909 1487 1147 1566; x_wconf 81' lang='lat' dir='ltr'>»Conqueritur</span> <span class='ocrx_word' id='word_1_69' title='bbox 1169 1505 1227 1567; x_wconf 90' lang='lat' dir='ltr'>pro</span> <span class='ocrx_word' id='word_1_70' title='bbox 1252 1489 1362 1550; x_wconf 89' lang='lat' dir='ltr'>debito</span> <span class='ocrx_word' id='word_1_71' title='bbox 1386 1489 1501 1550; x_wconf 91' lang='lat' dir='ltr'>decem</span> <span class='ocrx_word' id='word_1_72' title='bbox 1519 1505 1704 1550; x_wconf 88' lang='lat' dir='ltr'>marcarum</span> <span class='ocrx_word' id='word_1_73' title='bbox 1728 1494 1783 1548; x_wconf 92' lang='lat' dir='ltr'>mi·</span> 
     </span>
     <span class='ocr_line' id='line_1_10' title="bbox 382 1573 1782 1654; baseline 0.003 -23"><span class='ocrx_word' id='word_1_74' title='bbox 382 1588 446 1632; x_wconf 93' lang='lat' dir='ltr'>nus</span> <span class='ocrx_word' id='word_1_75' title='bbox 469 1573 554 1633; x_wconf 81' lang='lat' dir='ltr'>ioth«</span> <span class='ocrx_word' id='word_1_76' title='bbox 582 1573 614 1630; x_wconf 85' lang='lat'>&gt;&lt;</span> <span class='ocrx_word' id='word_1_77' title='bbox 640 1578 784 1652; x_wconf 82' lang='lat' dir='ltr'>»etipse</span> <span class='ocrx_word' id='word_1_78' title='bbox 808 1590 911 1651; x_wconf 89' lang='lat' dir='ltr'>penes</span> <span class='ocrx_word' id='word_1_79' title='bbox 934 1591 1010 1635; x_wconf 88' lang='lat' dir='ltr'>eam</span> <span class='ocrx_word' id='word_1_80' title='bbox 1034 1575 1152 1637; x_wconf 86' lang='lat' dir='ltr'>iliatam</span> <span class='ocrx_word' id='word_1_81' title='bbox 1176 1575 1467 1637; x_wconf 81' lang='lat' dir='ltr'>transduccionem</span> <span class='ocrx_word' id='word_1_82' title='bbox 1491 1579 1668 1653; x_wconf 84' lang='lat' dir='ltr'><strong>suscepit«.</strong></span> <span class='ocrx_word' id='word_1_83' title='bbox 1693 1574 1782 1654; x_wconf 83' lang='lat' dir='ltr'>(lire-</span> 
     </span>
     <span class='ocr_line' id='line_1_11' title="bbox 381 1653 1393 1739; baseline 0.007 -21"><span class='ocrx_word' id='word_1_84' title='bbox 381 1653 443 1718; x_wconf 74' lang='lat' dir='ltr'>dek</span> <span class='ocrx_word' id='word_1_85' title='bbox 467 1657 585 1720; x_wconf 90' lang='lat' dir='ltr'>ibidem</span> <span class='ocrx_word' id='word_1_86' title='bbox 610 1677 640 1738; x_wconf 88' lang='lat' dir='ltr'>p.</span> <span class='ocrx_word' id='word_1_87' title='bbox 663 1659 726 1720; x_wconf 84' lang='lat'>312</span> <span class='ocrx_word' id='word_1_88' title='bbox 744 1662 806 1721; x_wconf 92' lang='lat' dir='ltr'>sub</span> <span class='ocrx_word' id='word_1_89' title='bbox 823 1661 913 1722; x_wconf 91' lang='lat' dir='ltr'>titulo</span> <span class='ocrx_word' id='word_1_90' title='bbox 939 1660 1102 1723; x_wconf 82' lang='lat' dir='ltr'><strong>»Formae</strong></span> <span class='ocrx_word' id='word_1_91' title='bbox 1126 1662 1393 1739; x_wconf 73' lang='lat' dir='ltr'>querelarumci.</span> 
     </span>
    </p>
   </div>
   <div class='ocr_carea' id='block_1_7' title="bbox 383 1759 1782 1931">
    <p class='ocr_par' dir='ltr' id='par_1_7' title="bbox 383 1759 1782 1931">
     <span class='ocr_line' id='line_1_12' title="bbox 487 1759 1782 1844; baseline 0 -20"><span class='ocrx_word' id='word_1_92' title='bbox 487 1762 508 1825; x_wconf 92' lang='grc'>1.</span> <span class='ocrx_word' id='word_1_93' title='bbox 532 1759 695 1825; x_wconf 66' lang='grc'><em>37·-381’</em></span> <span class='ocrx_word' id='word_1_94' title='bbox 716 1763 863 1827; x_wconf 81' lang='lat' dir='ltr'><strong>Formae</strong></span> <span class='ocrx_word' id='word_1_95' title='bbox 896 1763 1182 1831; x_wconf 88' lang='lat' dir='ltr'>iuramentorum.</span> <span class='ocrx_word' id='word_1_96' title='bbox 1222 1763 1289 1826; x_wconf 88' lang='lat' dir='ltr'>·Na</span> <span class='ocrx_word' id='word_1_97' title='bbox 1312 1770 1379 1826; x_wconf 93' lang='lat' dir='ltr'>tom</span> <span class='ocrx_word' id='word_1_98' title='bbox 1404 1767 1623 1844; x_wconf 78' lang='lat' dir='ltr'>przysaham·</span> <span class='ocrx_word' id='word_1_99' title='bbox 1650 1765 1684 1824; x_wconf 95' lang='grc'>&gt;&lt;</span> <span class='ocrx_word' id='word_1_100' title='bbox 1710 1765 1782 1825; x_wconf 83' lang='lat' dir='ltr'>·tak</span> 
     </span>
     <span class='ocr_line' id='line_1_13' title="bbox 383 1845 1781 1931; baseline 0 -20"><span class='ocrx_word' id='word_1_101' title='bbox 383 1867 440 1931; x_wconf 88' lang='lat' dir='ltr'>my</span> <span class='ocrx_word' id='word_1_102' title='bbox 463 1852 529 1912; x_wconf 86' lang='lat' dir='ltr'>bob</span> <span class='ocrx_word' id='word_1_103' title='bbox 553 1852 718 1930; x_wconf 82' lang='lat' dir='ltr'>bomahay</span> <span class='ocrx_word' id='word_1_104' title='bbox 741 1855 846 1926; x_wconf 91' lang='lat' dir='ltr'>(sic).‹</span> <span class='ocrx_word' id='word_1_105' title='bbox 871 1849 1033 1914; x_wconf 88' lang='lat' dir='ltr'>Formule</span> <span class='ocrx_word' id='word_1_106' title='bbox 1057 1845 1211 1930; x_wconf 80' lang='lat' dir='ltr'>piiseini</span> <span class='ocrx_word' id='word_1_107' title='bbox 1231 1847 1338 1914; x_wconf 69' lang='lat' dir='ltr'>lecke</span> <span class='ocrx_word' id='word_1_108' title='bbox 1353 1847 1494 1928; x_wconf 77' lang='lat' dir='ltr'>(irretek</span> <span class='ocrx_word' id='word_1_109' title='bbox 1510 1851 1629 1913; x_wconf 89' lang='lat' dir='ltr'>ibidem</span> <span class='ocrx_word' id='word_1_110' title='bbox 1647 1869 1677 1931; x_wconf 90' lang='lat' dir='ltr'>p.</span> <span class='ocrx_word' id='word_1_111' title='bbox 1695 1850 1781 1924; x_wconf 85' lang='lat'><strong>331).</strong></span> 
     </span>
    </p>
   </div>
   <div class='ocr_carea' id='block_1_8' title="bbox 383 1944 1782 2203">
    <p class='ocr_par' dir='ltr' id='par_1_8' title="bbox 383 1944 1782 2203">
     <span class='ocr_line' id='line_1_14' title="bbox 487 1944 1781 2034; baseline 0 -19"><span class='ocrx_word' id='word_1_112' title='bbox 487 1954 507 2016; x_wconf 92' lang='grc'>1.</span> <span class='ocrx_word' id='word_1_113' title='bbox 531 1949 694 2016; x_wconf 74' lang='lat' dir='ltr'>38¹³-47b</span> <span class='ocrx_word' id='word_1_114' title='bbox 720 1951 823 2015; x_wconf 84' lang='lat' dir='ltr'>»Nota</span> <span class='ocrx_word' id='word_1_115' title='bbox 846 1972 909 2034; x_wconf 91' lang='lat' dir='ltr'>que</span> <span class='ocrx_word' id='word_1_116' title='bbox 933 1961 1109 2016; x_wconf 88' lang='lat' dir='ltr'>occurrunt</span> <span class='ocrx_word' id='word_1_117' title='bbox 1131 1960 1216 2016; x_wconf 86' lang='lat' dir='ltr'>circa</span> <span class='ocrx_word' id='word_1_118' title='bbox 1239 1955 1385 2018; x_wconf 79' lang='lat' dir='ltr'>osticium</span> <span class='ocrx_word' id='word_1_119' title='bbox 1410 1944 1577 2016; x_wconf 70' lang='lat' dir='ltr'>minorum&#39;</span> <span class='ocrx_word' id='word_1_120' title='bbox 1591 1957 1781 2018; x_wconf 82' lang='lat' dir='ltr'>tabularum.</span> 
     </span>
     <span class='ocr_line' id='line_1_15' title="bbox 383 2040 1782 2121; baseline 0 -19"><span class='ocrx_word' id='word_1_121' title='bbox 383 2041 444 2102; x_wconf 89' lang='lat' dir='ltr'>Pro</span> <span class='ocrx_word' id='word_1_122' title='bbox 468 2041 577 2102; x_wconf 89' lang='lat' dir='ltr'>debito</span> <span class='ocrx_word' id='word_1_123' title='bbox 601 2045 713 2102; x_wconf 89' lang='lat' dir='ltr'>maiori</span> <span class='ocrx_word' id='word_1_124' title='bbox 737 2040 775 2102; x_wconf 88' lang='grc' dir='ltr'>ΙΙΙ</span> <span class='ocrx_word' id='word_1_125' title='bbox 798 2045 994 2102; x_wconf 88' lang='lat' dir='ltr'>citaciones‹</span> <span class='ocrx_word' id='word_1_126' title='bbox 1032 2042 1064 2100; x_wconf 91' lang='grc'>&gt;&lt;</span> <span class='ocrx_word' id='word_1_127' title='bbox 1101 2042 1180 2102; x_wconf 87' lang='lat' dir='ltr'>»sed</span> <span class='ocrx_word' id='word_1_128' title='bbox 1203 2044 1254 2102; x_wconf 84' lang='lat' dir='ltr'>alii</span> <span class='ocrx_word' id='word_1_129' title='bbox 1278 2043 1474 2104; x_wconf 80' lang='lat' dir='ltr'>beneficiarii</span> <span class='ocrx_word' id='word_1_130' title='bbox 1498 2059 1539 2103; x_wconf 87' lang='lat' dir='ltr'>ex</span> <span class='ocrx_word' id='word_1_131' title='bbox 1563 2047 1782 2121; x_wconf 17' lang='lat' dir='ltr'>pertentocius</span> 
     </span>
     <span class='ocr_line' id='line_1_16' title="bbox 383 2127 1241 2203; baseline 0 -15"><span class='ocrx_word' id='word_1_132' title='bbox 383 2128 598 2190; x_wconf 83' lang='lat' dir='ltr'>beneficiatus</span> <span class='ocrx_word' id='word_1_133' title='bbox 621 2127 677 2202; x_wconf 83' lang='lat' dir='ltr'>(i)</span> <span class='ocrx_word' id='word_1_134' title='bbox 700 2133 752 2188; x_wconf 88' lang='lat' dir='ltr'>est</span> <span class='ocrx_word' id='word_1_135' title='bbox 776 2128 893 2189; x_wconf 89' lang='lat' dir='ltr'>tabulis</span> <span class='ocrx_word' id='word_1_136' title='bbox 916 2133 1109 2190; x_wconf 89' lang='lat' dir='ltr'>annotatum</span> <span class='ocrx_word' id='word_1_137' title='bbox 1133 2133 1241 2203; x_wconf 84' lang='lat' dir='ltr'>(sic)·.</span> 
     </span>
    </p>
   </div>
   <div class='ocr_carea' id='block_1_9' title="bbox 379 2227 1778 2483">
    <p class='ocr_par' dir='ltr' id='par_1_9' title="bbox 379 2227 1778 2483">
     <span class='ocr_line' id='line_1_17' title="bbox 487 2227 1774 2298; baseline -0.001 -5"><span class='ocrx_word' id='word_1_138' title='bbox 487 2232 507 2293; x_wconf 87' lang='lat' dir='ltr'>i.</span> <span class='ocrx_word' id='word_1_139' title='bbox 532 2227 715 2295; x_wconf 63' lang='lat' dir='ltr'>432-105s</span> <span class='ocrx_word' id='word_1_140' title='bbox 738 2230 905 2293; x_wconf 83' lang='lat' dir='ltr'>Maiestas</span> <span class='ocrx_word' id='word_1_141' title='bbox 927 2231 1099 2294; x_wconf 80' lang='lat' dir='ltr'>carolina</span> <span class='ocrx_word' id='word_1_142' title='bbox 1150 2232 1217 2293; x_wconf 85' lang='lat' dir='ltr'>»De</span> <span class='ocrx_word' id='word_1_143' title='bbox 1239 2232 1304 2294; x_wconf 88' lang='lat' dir='ltr'>fide</span> <span class='ocrx_word' id='word_1_144' title='bbox 1328 2233 1500 2298; x_wconf 79' lang='lat' dir='ltr'>katholico.</span> <span class='ocrx_word' id='word_1_145' title='bbox 1524 2230 1774 2293; x_wconf 86' lang='lat' dir='ltr'>Sanctissimam</span> 
     </span>
     <span class='ocr_line' id='line_1_18' title="bbox 383 2317 1778 2397; baseline -0.001 -17"><span class='ocrx_word' id='word_1_146' title='bbox 383 2322 573 2380; x_wconf 80' lang='lat' dir='ltr'>trinitatem«</span> <span class='ocrx_word' id='word_1_147' title='bbox 601 2319 632 2376; x_wconf 67' lang='lat' dir='ltr'>&gt;t</span> <span class='ocrx_word' id='word_1_148' title='bbox 659 2335 737 2396; x_wconf 79' lang='lat' dir='ltr'>»pro</span> <span class='ocrx_word' id='word_1_149' title='bbox 760 2321 887 2380; x_wconf 89' lang='lat' dir='ltr'>cautela</span> <span class='ocrx_word' id='word_1_150' title='bbox 911 2319 994 2380; x_wconf 89' lang='lat' dir='ltr'>dicte</span> <span class='ocrx_word' id='word_1_151' title='bbox 1025 2320 1129 2397; x_wconf 89' lang='lat' dir='ltr'>puelle</span> <span class='ocrx_word' id='word_1_152' title='bbox 1154 2319 1259 2380; x_wconf 90' lang='lat' dir='ltr'>debite</span> <span class='ocrx_word' id='word_1_153' title='bbox 1283 2319 1389 2380; x_wconf 86' lang='lat' dir='ltr'>facere</span> <span class='ocrx_word' id='word_1_154' title='bbox 1420 2323 1636 2382; x_wconf 83' lang='lat' dir='ltr'>conservari«</span> <span class='ocrx_word' id='word_1_155' title='bbox 1685 2317 1778 2391; x_wconf 83' lang='lat' dir='ltr'>(lire-</span> 
     </span>
     <span class='ocr_line' id='line_1_19' title="bbox 379 2401 750 2483; baseline -0.003 -17"><span class='ocrx_word' id='word_1_156' title='bbox 379 2401 440 2466; x_wconf 75' lang='lat' dir='ltr'>dei&lt;</span> <span class='ocrx_word' id='word_1_157' title='bbox 463 2405 582 2466; x_wconf 90' lang='lat' dir='ltr'>ibidem</span> <span class='ocrx_word' id='word_1_158' title='bbox 607 2422 637 2483; x_wconf 89' lang='lat' dir='ltr'>p.</span> <span class='ocrx_word' id='word_1_159' title='bbox 666 2403 750 2478; x_wconf 88' lang='grc'><em>104.)</em></span> 
     </span>
    </p>
   </div>
   <div class='ocr_carea' id='block_1_10' title="bbox 379 2507 1779 2744">
    <p class='ocr_par' dir='ltr' id='par_1_10' title="bbox 379 2507 1779 2744">
     <span class='ocr_line' id='line_1_20' title="bbox 482 2507 1779 2587; baseline -0.001 -19"><span class='ocrx_word' id='word_1_160' title='bbox 482 2508 503 2574; x_wconf 83' lang='lat' dir='ltr'>t.</span> <span class='ocrx_word' id='word_1_161' title='bbox 531 2507 914 2582; x_wconf 79' lang='lat' dir='ltr'>106⁸-112·(anepigr.)</span> <span class='ocrx_word' id='word_1_162' title='bbox 944 2507 1162 2587; x_wconf 81' lang='lat' dir='ltr'>Disceptatio</span> <span class='ocrx_word' id='word_1_163' title='bbox 1195 2507 1351 2572; x_wconf 87' lang='lat' dir='ltr'>bominis</span> <span class='ocrx_word' id='word_1_164' title='bbox 1373 2525 1455 2570; x_wconf 88' lang='lat' dir='ltr'>cum</span> <span class='ocrx_word' id='word_1_165' title='bbox 1477 2510 1617 2570; x_wconf 90' lang='lat' dir='ltr'>mundo.</span> <span class='ocrx_word' id='word_1_166' title='bbox 1654 2509 1779 2587; x_wconf 61' lang='lat' dir='ltr'>»liogor</span> 
     </span>
     <span class='ocr_line' id='line_1_21' title="bbox 379 2595 1778 2675; baseline -0.001 -19"><span class='ocrx_word' id='word_1_167' title='bbox 379 2595 556 2656; x_wconf 81' lang='lat' dir='ltr'>adversum</span> <span class='ocrx_word' id='word_1_168' title='bbox 579 2601 620 2664; x_wconf 85' lang='lat' dir='ltr'>te,</span> <span class='ocrx_word' id='word_1_169' title='bbox 644 2595 804 2655; x_wconf 89' lang='lat' dir='ltr'>instabilis</span> <span class='ocrx_word' id='word_1_170' title='bbox 827 2595 959 2668; x_wconf 91' lang='lat' dir='ltr'>munde,</span> <span class='ocrx_word' id='word_1_171' title='bbox 992 2595 1116 2657; x_wconf 85' lang='lat' dir='ltr'>flebiles</span> <span class='ocrx_word' id='word_1_172' title='bbox 1140 2597 1289 2674; x_wconf 86' lang='lat' dir='ltr'>quereias</span> <span class='ocrx_word' id='word_1_173' title='bbox 1306 2596 1489 2675; x_wconf 85' lang='lat' dir='ltr'>deponere«</span> <span class='ocrx_word' id='word_1_174' title='bbox 1516 2595 1548 2652; x_wconf 89' lang='grc'>&gt;&lt;</span> <span class='ocrx_word' id='word_1_175' title='bbox 1575 2599 1703 2673; x_wconf 82' lang='lat' dir='ltr'>»gracia</span> <span class='ocrx_word' id='word_1_176' title='bbox 1719 2598 1778 2673; x_wconf 89' lang='lat' dir='ltr'>spi·</span> 
     </span>
     <span class='ocr_line' id='line_1_22' title="bbox 379 2681 798 2744; baseline -0.005 -1"><span class='ocrx_word' id='word_1_177' title='bbox 379 2686 458 2743; x_wconf 91' lang='lat' dir='ltr'>ritus</span> <span class='ocrx_word' id='word_1_178' title='bbox 482 2685 586 2742; x_wconf 83' lang='lat' dir='ltr'>sancti</span> <span class='ocrx_word' id='word_1_179' title='bbox 610 2681 798 2744; x_wconf 81' lang='lat' dir='ltr'>illustrare«</span> 
     </span>
    </p>
   </div>
   <div class='ocr_carea' id='block_1_11' title="bbox 378 2779 1774 2951">
    <p class='ocr_par' dir='ltr' id='par_1_11' title="bbox 378 2779 1774 2951">
     <span class='ocr_line' id='line_1_23' title="bbox 482 2779 1774 2864; baseline 0 -19"><span class='ocrx_word' id='word_1_180' title='bbox 482 2785 503 2850; x_wconf 89' lang='grc'>1.</span> <span class='ocrx_word' id='word_1_181' title='bbox 532 2784 733 2847; x_wconf 81' lang='grc'><em>112·-115·</em></span> <span class='ocrx_word' id='word_1_182' title='bbox 757 2779 958 2864; x_wconf 87' lang='lat' dir='ltr'>(Piemysli)</span> <span class='ocrx_word' id='word_1_183' title='bbox 983 2783 1163 2848; x_wconf 78' lang='lat' dir='ltr'>»Ottalrari</span> <span class='ocrx_word' id='word_1_184' title='bbox 1185 2785 1278 2864; x_wconf 88' lang='lat' dir='ltr'>regis</span> <span class='ocrx_word' id='word_1_185' title='bbox 1309 2785 1459 2859; x_wconf 89' lang='lat' dir='ltr'>epistola</span> <span class='ocrx_word' id='word_1_186' title='bbox 1481 2786 1635 2848; x_wconf 84' lang='lat' dir='ltr'>secunda</span> <span class='ocrx_word' id='word_1_187' title='bbox 1658 2786 1701 2846; x_wconf 87' lang='lat' dir='ltr'>dc</span> <span class='ocrx_word' id='word_1_188' title='bbox 1724 2799 1774 2846; x_wconf 90' lang='lat' dir='ltr'>se·</span> 
     </span>
     <span class='ocr_line' id='line_1_24' title="bbox 378 2871 1259 2951; baseline -0.001 -16"><span class='ocrx_word' id='word_1_189' title='bbox 378 2872 492 2936; x_wconf 91' lang='lat' dir='ltr'>cundo</span> <span class='ocrx_word' id='word_1_190' title='bbox 515 2871 605 2935; x_wconf 90' lang='lat' dir='ltr'>bello</span> <span class='ocrx_word' id='word_1_191' title='bbox 629 2876 752 2934; x_wconf 87' lang='lat' dir='ltr'>contra</span> <span class='ocrx_word' id='word_1_192' title='bbox 774 2888 891 2951; x_wconf 89' lang='lat' dir='ltr'>regem</span> <span class='ocrx_word' id='word_1_193' title='bbox 913 2872 1062 2951; x_wconf 86' lang='lat' dir='ltr'>Ungarie</span> <span class='ocrx_word' id='word_1_194' title='bbox 1086 2874 1259 2935; x_wconf 81' lang='lat' dir='ltr'>obtento«</span> 
     </span>
    </p>
   </div>
   <div class='ocr_carea' id='block_1_12' title="bbox 379 2971 1775 3142">
    <p class='ocr_par' dir='ltr' id='par_1_12' title="bbox 379 2971 1775 3142">
     <span class='ocr_line' id='line_1_25' title="bbox 482 2971 1775 3053; baseline -0.003 -15"><span class='ocrx_word' id='word_1_195' title='bbox 482 2976 502 3041; x_wconf 92' lang='grc'>1.</span> <span class='ocrx_word' id='word_1_196' title='bbox 530 2971 734 3039; x_wconf 65' lang='lat'>11512-13512</span> <span class='ocrx_word' id='word_1_197' title='bbox 756 2974 902 3038; x_wconf 84' lang='lat' dir='ltr'>Formae</span> <span class='ocrx_word' id='word_1_198' title='bbox 925 2976 1106 3038; x_wconf 86' lang='lat' dir='ltr'>literarum</span> <span class='ocrx_word' id='word_1_199' title='bbox 1129 2975 1353 3039; x_wconf 89' lang='lat' dir='ltr'>iudicialium.</span> <span class='ocrx_word' id='word_1_200' title='bbox 1393 2973 1575 3038; x_wconf 82' lang='lat' dir='ltr'>»Secuntur</span> <span class='ocrx_word' id='word_1_201' title='bbox 1603 2977 1691 3036; x_wconf 90' lang='lat' dir='ltr'>litere</span> <span class='ocrx_word' id='word_1_202' title='bbox 1714 2991 1775 3053; x_wconf 91' lang='lat' dir='ltr'>que</span> 
     </span>
     <span class='ocr_line' id='line_1_26' title="bbox 379 3059 1666 3142; baseline -0.002 -18"><span class='ocrx_word' id='word_1_203' title='bbox 379 3064 497 3126; x_wconf 83' lang='lat' dir='ltr'>dantur</span> <span class='ocrx_word' id='word_1_204' title='bbox 518 3081 538 3124; x_wconf 86' lang='lat' dir='ltr'>a</span> <span class='ocrx_word' id='word_1_205' title='bbox 561 3061 776 3124; x_wconf 84' lang='lat' dir='ltr'>beneficiariis</span> <span class='ocrx_word' id='word_1_206' title='bbox 799 3067 972 3141; x_wconf 83' lang='lat' dir='ltr'>purgravio</span> <span class='ocrx_word' id='word_1_207' title='bbox 995 3063 1180 3142; x_wconf 82' lang='lat' dir='ltr'>Pregensi.‹</span> <span class='ocrx_word' id='word_1_208' title='bbox 1215 3059 1354 3137; x_wconf 77' lang='lat' dir='ltr'>(siretek</span> <span class='ocrx_word' id='word_1_209' title='bbox 1377 3063 1497 3124; x_wconf 91' lang='lat' dir='ltr'>ibidem</span> <span class='ocrx_word' id='word_1_210' title='bbox 1521 3079 1551 3140; x_wconf 93' lang='lat' dir='ltr'>p.</span> <span class='ocrx_word' id='word_1_211' title='bbox 1575 3060 1666 3137; x_wconf 87' lang='grc'><strong>339.)</strong></span> 
     </span>
    </p>
   </div>
   <div class='ocr_carea' id='block_1_13' title="bbox 379 3163 1776 3418">
    <p class='ocr_par' dir='ltr' id='par_1_13' title="bbox 379 3163 1776 3418">
     <span class='ocr_line' id='line_1_27' title="bbox 482 3163 1776 3244; baseline -0.003 -14"><span class='ocrx_word' id='word_1_212' title='bbox 482 3167 503 3232; x_wconf 93' lang='grc'>1.</span> <span class='ocrx_word' id='word_1_213' title='bbox 531 3163 732 3228; x_wconf 61' lang='grc'><em>1351-151·</em></span> <span class='ocrx_word' id='word_1_214' title='bbox 755 3165 902 3235; x_wconf 80' lang='lat' dir='ltr'>Formae</span> <span class='ocrx_word' id='word_1_215' title='bbox 923 3166 1106 3229; x_wconf 86' lang='lat' dir='ltr'>literarum</span> <span class='ocrx_word' id='word_1_216' title='bbox 1129 3167 1220 3244; x_wconf 89' lang='lat' dir='ltr'>apud</span> <span class='ocrx_word' id='word_1_217' title='bbox 1251 3167 1391 3228; x_wconf 87' lang='lat' dir='ltr'>tabulas</span> <span class='ocrx_word' id='word_1_218' title='bbox 1426 3165 1550 3230; x_wconf 88' lang='lat' dir='ltr'>eonflci</span> <span class='ocrx_word' id='word_1_219' title='bbox 1584 3165 1776 3228; x_wconf 85' lang='lat' dir='ltr'>solitarum.</span> 
     </span>
     <span class='ocr_line' id='line_1_28' title="bbox 382 3249 1773 3332; baseline -0.003 -16"><span class='ocrx_word' id='word_1_220' title='bbox 382 3254 521 3316; x_wconf 85' lang='lat' dir='ltr'>»Forma</span> <span class='ocrx_word' id='word_1_221' title='bbox 554 3257 740 3314; x_wconf 90' lang='lat' dir='ltr'>communis</span> <span class='ocrx_word' id='word_1_222' title='bbox 773 3253 974 3316; x_wconf 84' lang='lat' dir='ltr'>hereditaria.</span> <span class='ocrx_word' id='word_1_223' title='bbox 999 3252 1166 3315; x_wconf 82' lang='lat' dir='ltr'>Dorothea</span> <span class='ocrx_word' id='word_1_224' title='bbox 1190 3253 1230 3314; x_wconf 92' lang='lat' dir='ltr'>de</span> <span class='ocrx_word' id='word_1_225' title='bbox 1254 3253 1389 3332; x_wconf 66' lang='lat' dir='ltr'>Pragaa.</span> <span class='ocrx_word' id='word_1_226' title='bbox 1435 3249 1576 3328; x_wconf 74' lang='lat' dir='ltr'>(irretek</span> <span class='ocrx_word' id='word_1_227' title='bbox 1600 3253 1664 3313; x_wconf 91' lang='lat' dir='ltr'>sub</span> <span class='ocrx_word' id='word_1_228' title='bbox 1688 3253 1773 3313; x_wconf 90' lang='lat' dir='ltr'>titulo</span> 
     </span>
     <span class='ocr_line' id='line_1_29' title="bbox 379 3339 1102 3418; baseline 0 -16"><span class='ocrx_word' id='word_1_229' title='bbox 379 3345 475 3403; x_wconf 83' lang='lat' dir='ltr'>etiam</span> <span class='ocrx_word' id='word_1_230' title='bbox 499 3359 519 3401; x_wconf 86' lang='lat' dir='ltr'>a</span> <span class='ocrx_word' id='word_1_231' title='bbox 542 3340 639 3402; x_wconf 91' lang='lat' dir='ltr'>nobis</span> <span class='ocrx_word' id='word_1_232' title='bbox 662 3345 793 3418; x_wconf 90' lang='lat' dir='ltr'>recepto</span> <span class='ocrx_word' id='word_1_233' title='bbox 816 3339 935 3400; x_wconf 89' lang='lat' dir='ltr'>ibidem</span> <span class='ocrx_word' id='word_1_234' title='bbox 961 3357 991 3418; x_wconf 96' lang='lat' dir='ltr'>p.</span> <span class='ocrx_word' id='word_1_235' title='bbox 1016 3340 1102 3418; x_wconf 81' lang='lat'><strong>294).</strong></span> 
     </span>
    </p>
   </div>
   <div class='ocr_carea' id='block_1_14' title="bbox 378 3463 1776 3870">
    <p class='ocr_par' dir='ltr' id='par_1_14' title="bbox 378 3463 1776 3870">
     <span class='ocr_line' id='line_1_30' title="bbox 484 3463 1770 3534; baseline -0.002 -14"><span class='ocrx_word' id='word_1_236' title='bbox 484 3465 624 3521; x_wconf 87' lang='lat' dir='ltr'>Codicem</span> <span class='ocrx_word' id='word_1_237' title='bbox 647 3469 780 3519; x_wconf 88' lang='lat' dir='ltr'>nostrum</span> <span class='ocrx_word' id='word_1_238' title='bbox 801 3465 947 3521; x_wconf 82' lang='lat' dir='ltr'>recensuit</span> <span class='ocrx_word' id='word_1_239' title='bbox 968 3465 1075 3520; x_wconf 82' lang='lat' dir='ltr'>chka</span> <span class='ocrx_word' id='word_1_240' title='bbox 1097 3465 1127 3520; x_wconf 94' lang='lat' dir='ltr'>in</span> <span class='ocrx_word' id='word_1_241' title='bbox 1149 3465 1265 3521; x_wconf 87' lang='lat' dir='ltr'>Rozbor</span> <span class='ocrx_word' id='word_1_242' title='bbox 1286 3463 1393 3520; x_wconf 77' lang='lat' dir='ltr'>staroc.</span> <span class='ocrx_word' id='word_1_243' title='bbox 1416 3463 1460 3522; x_wconf 90' lang='lat' dir='ltr'>lit.</span> <span class='ocrx_word' id='word_1_244' title='bbox 1484 3463 1506 3533; x_wconf 91' lang='lat'>1,</span> <span class='ocrx_word' id='word_1_245' title='bbox 1535 3463 1603 3533; x_wconf 86' lang='grc'><em>156,</em></span> <span class='ocrx_word' id='word_1_246' title='bbox 1620 3463 1670 3534; x_wconf 91' lang='lat' dir='ltr'>qui</span> <span class='ocrx_word' id='word_1_247' title='bbox 1688 3466 1770 3517; x_wconf 87' lang='lat' dir='ltr'>etiam</span> 
     </span>
     <span class='ocr_line' id='line_1_31' title="bbox 379 3549 1775 3624; baseline -0.003 -16"><span class='ocrx_word' id='word_1_248' title='bbox 379 3553 409 3608; x_wconf 94' lang='lat' dir='ltr'>in</span> <span class='ocrx_word' id='word_1_249' title='bbox 432 3553 481 3608; x_wconf 88' lang='lat' dir='ltr'>iol.</span> <span class='ocrx_word' id='word_1_250' title='bbox 505 3552 600 3608; x_wconf 89' lang='lat' dir='ltr'>codici</span> <span class='ocrx_word' id='word_1_251' title='bbox 622 3549 784 3624; x_wconf 81' lang='lat' dir='ltr'>praeligato</span> <span class='ocrx_word' id='word_1_252' title='bbox 800 3557 939 3606; x_wconf 80' lang='lat' dir='ltr'>contenta</span> <span class='ocrx_word' id='word_1_253' title='bbox 962 3552 1160 3622; x_wconf 86' lang='lat' dir='ltr'>consignavit.</span> <span class='ocrx_word' id='word_1_254' title='bbox 1195 3551 1348 3622; x_wconf 90' lang='lat' dir='ltr'>Operculis</span> <span class='ocrx_word' id='word_1_255' title='bbox 1374 3549 1502 3621; x_wconf 84' lang='lat' dir='ltr'>adligata</span> <span class='ocrx_word' id='word_1_256' title='bbox 1525 3558 1595 3604; x_wconf 88' lang='lat' dir='ltr'>sunt</span> <span class='ocrx_word' id='word_1_257' title='bbox 1618 3551 1775 3605; x_wconf 83' lang='lat' dir='ltr'>membran.</span> 
     </span>
     <span class='ocr_line' id='line_1_32' title="bbox 379 3636 1776 3710; baseline -0.003 -16"><span class='ocrx_word' id='word_1_258' title='bbox 379 3639 540 3709; x_wconf 80' lang='lat' dir='ltr'>fragmenta</span> <span class='ocrx_word' id='word_1_259' title='bbox 562 3637 658 3695; x_wconf 86' lang='lat' dir='ltr'>bullae</span> <span class='ocrx_word' id='word_1_260' title='bbox 682 3639 837 3694; x_wconf 86' lang='lat' dir='ltr'>cuiusdam</span> <span class='ocrx_word' id='word_1_261' title='bbox 859 3637 985 3710; x_wconf 89' lang='lat' dir='ltr'>papalis,</span> <span class='ocrx_word' id='word_1_262' title='bbox 1009 3653 1097 3710; x_wconf 85' lang='lat' dir='ltr'>quarn</span> <span class='ocrx_word' id='word_1_263' title='bbox 1114 3639 1241 3694; x_wconf 87' lang='lat' dir='ltr'>obtinuit</span> <span class='ocrx_word' id='word_1_264' title='bbox 1258 3636 1364 3692; x_wconf 85' lang='lat' dir='ltr'>»Vitus</span> <span class='ocrx_word' id='word_1_265' title='bbox 1380 3639 1416 3692; x_wconf 89' lang='lat' dir='ltr'>de</span> <span class='ocrx_word' id='word_1_266' title='bbox 1438 3637 1591 3692; x_wconf 87' lang='lat' dir='ltr'>Harawicz</span> <span class='ocrx_word' id='word_1_267' title='bbox 1607 3681 1614 3694; x_wconf 90' lang='lat'><strong>.</strong></span> <span class='ocrx_word' id='word_1_268' title='bbox 1633 3681 1640 3694; x_wconf 95' lang='lat'><strong>.</strong></span> <span class='ocrx_word' id='word_1_269' title='bbox 1659 3681 1666 3694; x_wconf 91' lang='lat'><strong>.</strong></span> <span class='ocrx_word' id='word_1_270' title='bbox 1683 3636 1776 3708; x_wconf 84' lang='lat' dir='ltr'>ponti·</span> 
     </span>
     <span class='ocr_line' id='line_1_33' title="bbox 379 3721 1775 3796; baseline -0.001 -16"><span class='ocrx_word' id='word_1_271' title='bbox 379 3725 485 3781; x_wconf 85' lang='lat' dir='ltr'>ficatus</span> <span class='ocrx_word' id='word_1_272' title='bbox 509 3726 599 3780; x_wconf 88' lang='lat' dir='ltr'>nostri</span> <span class='ocrx_word' id='word_1_273' title='bbox 624 3739 702 3779; x_wconf 86' lang='lat' dir='ltr'>anno</span> <span class='ocrx_word' id='word_1_274' title='bbox 726 3725 881 3796; x_wconf 81' lang='lat' dir='ltr'>septimo«.</span> <span class='ocrx_word' id='word_1_275' title='bbox 904 3725 938 3780; x_wconf 90' lang='lat' dir='ltr'>In</span> <span class='ocrx_word' id='word_1_276' title='bbox 961 3725 1053 3781; x_wconf 81' lang='lat' dir='ltr'>fronte</span> <span class='ocrx_word' id='word_1_277' title='bbox 1077 3725 1097 3782; x_wconf 86' lang='lat' dir='ltr'>i.</span> <span class='ocrx_word' id='word_1_278' title='bbox 1126 3727 1287 3781; x_wconf 87' lang='lat' dir='ltr'>lnotatur:</span> <span class='ocrx_word' id='word_1_279' title='bbox 1304 3723 1495 3780; x_wconf 84' lang='lat' dir='ltr'>›Monasterii</span> <span class='ocrx_word' id='word_1_280' title='bbox 1516 3723 1546 3780; x_wconf 90' lang='lat' dir='ltr'>S.</span> <span class='ocrx_word' id='word_1_281' title='bbox 1564 3721 1700 3778; x_wconf 85' lang='lat' dir='ltr'>Coronae</span> <span class='ocrx_word' id='word_1_282' title='bbox 1715 3723 1775 3778; x_wconf 91' lang='lat' dir='ltr'>ord.</span> 
     </span>
     <span class='ocr_line' id='line_1_34' title="bbox 378 3809 675 3870; baseline 0 -4"><span class='ocrx_word' id='word_1_283' title='bbox 378 3809 483 3869; x_wconf 87' lang='lat' dir='ltr'>Cister.</span> <span class='ocrx_word' id='word_1_284' title='bbox 508 3828 534 3868; x_wconf 86' lang='lat' dir='ltr'>a.</span> <span class='ocrx_word' id='word_1_285' title='bbox 563 3812 675 3870; x_wconf 82' lang='lat'><strong>1688.«</strong></span> 
     </span>
    </p>
   </div>
   <div class='ocr_carea' id='block_1_15' title="bbox 485 3996 1183 4078">
    <p class='ocr_par' dir='ltr' id='par_1_15' title="bbox 485 3996 1183 4078">
     <span class='ocr_line' id='line_1_35' title="bbox 485 3996 1183 4078; baseline -0.011 0"><span class='ocrx_word' id='word_1_286' title='bbox 485 3996 565 4078; x_wconf 80' lang='lat'>295</span> <span class='ocrx_word' id='word_1_287' title='bbox 991 3997 1020 4072; x_wconf 90' lang='lat' dir='ltr'>I.</span> <span class='ocrx_word' id='word_1_288' title='bbox 1050 3996 1095 4071; x_wconf 90' lang='lat' dir='ltr'>G.</span> <span class='ocrx_word' id='word_1_289' title='bbox 1123 3996 1183 4071; x_wconf 86' lang='grc'>19.</span> 
     </span>
    </p>
   </div>
   <div class='ocr_carea' id='block_1_16' title="bbox 380 4133 1277 4217">
    <p class='ocr_par' dir='ltr' id='par_1_16' title="bbox 380 4133 1277 4217">
     <span class='ocr_line' id='line_1_36' title="bbox 380 4133 1277 4217; baseline -0.004 -17"><span class='ocrx_word' id='word_1_290' title='bbox 380 4138 570 4200; x_wconf 80' lang='lat' dir='ltr'>metnbrcu.</span> <span class='ocrx_word' id='word_1_291' title='bbox 592 4154 679 4200; x_wconf 86' lang='lat' dir='ltr'>saec.</span> <span class='ocrx_word' id='word_1_292' title='bbox 702 4133 790 4197; x_wconf 89' lang='lat' dir='ltr'>XIV</span> <span class='ocrx_word' id='word_1_293' title='bbox 797 4135 846 4217; x_wconf 84' lang='lat' dir='ltr'>ff.</span> <span class='ocrx_word' id='word_1_294' title='bbox 867 4136 921 4209; x_wconf 79' lang='lat'>35,</span> <span class='ocrx_word' id='word_1_295' title='bbox 935 4135 976 4197; x_wconf 89' lang='grc'>21</span> <span class='ocrx_word' id='word_1_296' title='bbox 992 4133 1080 4197; x_wconf 79' lang='lat'><em>&gt;&lt;14</em></span> <span class='ocrx_word' id='word_1_297' title='bbox 1102 4151 1165 4195; x_wconf 87' lang='lat' dir='ltr'>cm.</span> <span class='ocrx_word' id='word_1_298' title='bbox 1188 4133 1205 4195; x_wconf 95' lang='grc'>1</span> <span class='ocrx_word' id='word_1_299' title='bbox 1231 4151 1277 4196; x_wconf 90' lang='lat' dir='ltr'>m.</span> 
     </span>
    </p>
   </div>
   <div class='ocr_carea' id='block_1_17' title="bbox 378 4252 1776 4774">
    <p class='ocr_par' dir='ltr' id='par_1_17' title="bbox 483 4252 1734 4334">
     <span class='ocr_line' id='line_1_37' title="bbox 483 4252 1734 4334; baseline -0.004 -15"><span class='ocrx_word' id='word_1_300' title='bbox 483 4258 504 4323; x_wconf 89' lang='grc'>1.</span> <span class='ocrx_word' id='word_1_301' title='bbox 532 4254 651 4319; x_wconf 73' lang='lat'>1—221’</span> <span class='ocrx_word' id='word_1_302' title='bbox 674 4256 817 4319; x_wconf 82' lang='lat' dir='ltr'>Arnesti</span> <span class='ocrx_word' id='word_1_303' title='bbox 840 4253 1045 4334; x_wconf 87' lang='lat' dir='ltr'>archiepisc.</span> <span class='ocrx_word' id='word_1_304' title='bbox 1067 4255 1164 4332; x_wconf 85' lang='lat' dir='ltr'>Prag.</span> <span class='ocrx_word' id='word_1_305' title='bbox 1189 4254 1328 4316; x_wconf 89' lang='lat' dir='ltr'>Statuta</span> <span class='ocrx_word' id='word_1_306' title='bbox 1349 4253 1533 4332; x_wconf 82' lang='lat' dir='ltr'>synodalia</span> <span class='ocrx_word' id='word_1_307' title='bbox 1555 4253 1598 4328; x_wconf 83' lang='lat' dir='ltr'>(c.</span> <span class='ocrx_word' id='word_1_308' title='bbox 1626 4252 1734 4327; x_wconf 86' lang='grc'><em>1349).</em></span> 
     </span>
    </p>

    <p class='ocr_par' dir='ltr' id='par_1_18' title="bbox 378 4339 1776 4774">
     <span class='ocr_line' id='line_1_38' title="bbox 484 4339 1775 4422; baseline -0.005 -16"><span class='ocrx_word' id='word_1_309' title='bbox 484 4344 505 4410; x_wconf 89' lang='lat' dir='ltr'>i.</span> <span class='ocrx_word' id='word_1_310' title='bbox 529 4339 692 4405; x_wconf 63' lang='lat' dir='ltr'>tib-35¹»</span> <span class='ocrx_word' id='word_1_311' title='bbox 715 4341 873 4422; x_wconf 81' lang='lat' dir='ltr'>(anepigr.)</span> <span class='ocrx_word' id='word_1_312' title='bbox 903 4341 1054 4404; x_wconf 85' lang='lat' dir='ltr'>&#39;ihomae</span> <span class='ocrx_word' id='word_1_313' title='bbox 1094 4341 1272 4404; x_wconf 87' lang='lat' dir='ltr'>Hibernici</span> <span class='ocrx_word' id='word_1_314' title='bbox 1305 4339 1441 4403; x_wconf 83' lang='lat' dir='ltr'>Puncta</span> <span class='ocrx_word' id='word_1_315' title='bbox 1474 4339 1656 4418; x_wconf 78' lang='lat' dir='ltr'>religionis</span> <span class='ocrx_word' id='word_1_316' title='bbox 1691 4339 1775 4402; x_wconf 89' lang='lat' dir='ltr'>chri·</span> 
     </span>
     <span class='ocr_line' id='line_1_39' title="bbox 380 4425 1776 4509; baseline -0.006 -15"><span class='ocrx_word' id='word_1_317' title='bbox 380 4432 528 4495; x_wconf 87' lang='lat' dir='ltr'>stianae.</span> <span class='ocrx_word' id='word_1_318' title='bbox 555 4431 695 4509; x_wconf 84' lang='lat' dir='ltr'>»Religio</span> <span class='ocrx_word' id='word_1_319' title='bbox 719 4430 843 4492; x_wconf 87' lang='lat' dir='ltr'>munda</span> <span class='ocrx_word' id='word_1_320' title='bbox 865 4435 898 4490; x_wconf 90' lang='lat' dir='ltr'>et</span> <span class='ocrx_word' id='word_1_321' title='bbox 919 4430 1128 4490; x_wconf 83' lang='lat' dir='ltr'>immaculata</span> <span class='ocrx_word' id='word_1_322' title='bbox 1149 4435 1228 4507; x_wconf 84' lang='lat' dir='ltr'>aput</span> <span class='ocrx_word' id='word_1_323' title='bbox 1251 4428 1349 4488; x_wconf 88' lang='lat' dir='ltr'>deum</span> <span class='ocrx_word' id='word_1_324' title='bbox 1372 4428 1433 4488; x_wconf 89' lang='lat' dir='ltr'>bec</span> <span class='ocrx_word' id='word_1_325' title='bbox 1457 4431 1525 4488; x_wconf 79' lang='lat' dir='ltr'>est«</span> <span class='ocrx_word' id='word_1_326' title='bbox 1551 4429 1583 4484; x_wconf 92' lang='lat'>&gt;&lt;</span> <span class='ocrx_word' id='word_1_327' title='bbox 1610 4425 1680 4487; x_wconf 83' lang='lat' dir='ltr'>»Hii</span> <span class='ocrx_word' id='word_1_328' title='bbox 1704 4433 1776 4488; x_wconf 90' lang='lat' dir='ltr'>sunt</span> 
     </span>
     <span class='ocr_line' id='line_1_40' title="bbox 380 4511 1775 4599; baseline -0.003 -19"><span class='ocrx_word' id='word_1_329' title='bbox 380 4524 490 4599; x_wconf 92' lang='lat' dir='ltr'>puncti</span> <span class='ocrx_word' id='word_1_330' title='bbox 525 4519 685 4596; x_wconf 88' lang='lat' dir='ltr'>religionis</span> <span class='ocrx_word' id='word_1_331' title='bbox 720 4519 892 4578; x_wconf 89' lang='lat' dir='ltr'>christiane</span> <span class='ocrx_word' id='word_1_332' title='bbox 937 4517 1061 4578; x_wconf 84' lang='lat' dir='ltr'>collecti</span> <span class='ocrx_word' id='word_1_333' title='bbox 1096 4531 1153 4594; x_wconf 89' lang='lat' dir='ltr'>per</span> <span class='ocrx_word' id='word_1_334' title='bbox 1175 4513 1262 4593; x_wconf 87' lang='lat' dir='ltr'>Mag.</span> <span class='ocrx_word' id='word_1_335' title='bbox 1286 4511 1450 4576; x_wconf 86' lang='lat' dir='ltr'>Thomam</span> <span class='ocrx_word' id='word_1_336' title='bbox 1472 4511 1670 4575; x_wconf 85' lang='lat' dir='ltr'>Ybemicum</span> <span class='ocrx_word' id='word_1_337' title='bbox 1694 4531 1723 4574; x_wconf 83' lang='lat' dir='ltr'>a.</span> <span class='ocrx_word' id='word_1_338' title='bbox 1747 4513 1775 4576; x_wconf 93' lang='lat' dir='ltr'>d.</span> 
     </span>
     <span class='ocr_line' id='line_1_41' title="bbox 384 4601 1772 4684; baseline -0.005 -17"><span class='ocrx_word' id='word_1_339' title='bbox 384 4605 476 4679; x_wconf 87' lang='lat'>1316,</span> <span class='ocrx_word' id='word_1_340' title='bbox 501 4622 585 4684; x_wconf 91' lang='lat' dir='ltr'>quos</span> <span class='ocrx_word' id='word_1_341' title='bbox 610 4609 637 4665; x_wconf 91' lang='lat' dir='ltr'>si</span> <span class='ocrx_word' id='word_1_342' title='bbox 661 4608 734 4684; x_wconf 89' lang='lat' dir='ltr'>quis</span> <span class='ocrx_word' id='word_1_343' title='bbox 756 4604 853 4664; x_wconf 90' lang='lat' dir='ltr'>vellet</span> <span class='ocrx_word' id='word_1_344' title='bbox 882 4602 1139 4664; x_wconf 86' lang='lat' dir='ltr'>extendere...</span> <span class='ocrx_word' id='word_1_345' title='bbox 1180 4601 1256 4662; x_wconf 91' lang='lat' dir='ltr'>ideo</span> <span class='ocrx_word' id='word_1_346' title='bbox 1286 4601 1384 4662; x_wconf 90' lang='lat' dir='ltr'>huius</span> <span class='ocrx_word' id='word_1_347' title='bbox 1415 4601 1626 4662; x_wconf 88' lang='lat' dir='ltr'>eolleccionis</span> <span class='ocrx_word' id='word_1_348' title='bbox 1666 4607 1772 4662; x_wconf 79' lang='lat' dir='ltr'>actor«</span> 
     </span>
     <span class='ocr_line' id='line_1_42' title="bbox 378 4692 666 4774; baseline 0 -21"><span class='ocrx_word' id='word_1_349' title='bbox 378 4695 500 4774; x_wconf 84' lang='lat' dir='ltr'>(cetera</span> <span class='ocrx_word' id='word_1_350' title='bbox 523 4692 666 4766; x_wconf 88' lang='lat' dir='ltr'>desunt).</span> 
     </span>
    </p>
   </div>
   <div class='ocr_carea' id='block_1_18' title="bbox 378 4811 1775 5063">
    <p class='ocr_par' dir='ltr' id='par_1_19' title="bbox 378 4811 1775 5063">
     <span class='ocr_line' id='line_1_43' title="bbox 483 4811 1774 4888; baseline -0.005 -17"><span class='ocrx_word' id='word_1_351' title='bbox 483 4816 628 4888; x_wconf 89' lang='lat' dir='ltr'>Operculo</span> <span class='ocrx_word' id='word_1_352' title='bbox 651 4831 748 4887; x_wconf 88' lang='lat' dir='ltr'>super.</span> <span class='ocrx_word' id='word_1_353' title='bbox 771 4817 948 4871; x_wconf 87' lang='lat' dir='ltr'>intrinsecus</span> <span class='ocrx_word' id='word_1_354' title='bbox 971 4814 1188 4886; x_wconf 79' lang='lat' dir='ltr'>adglutinatum</span> <span class='ocrx_word' id='word_1_355' title='bbox 1211 4820 1256 4868; x_wconf 89' lang='lat' dir='ltr'>est</span> <span class='ocrx_word' id='word_1_356' title='bbox 1292 4813 1485 4882; x_wconf 81' lang='lat' dir='ltr'>fragmentum</span> <span class='ocrx_word' id='word_1_357' title='bbox 1519 4811 1570 4867; x_wconf 84' lang='lat' dir='ltr'>iol.</span> <span class='ocrx_word' id='word_1_358' title='bbox 1605 4813 1774 4878; x_wconf 75' lang='lat' dir='ltr'>membran,</span> 
     </span>
     <span class='ocr_line' id='line_1_44' title="bbox 378 4897 1775 4976; baseline -0.009 -15"><span class='ocrx_word' id='word_1_359' title='bbox 378 4908 490 4976; x_wconf 90' lang='lat' dir='ltr'>inquo</span> <span class='ocrx_word' id='word_1_360' title='bbox 514 4919 602 4958; x_wconf 91' lang='lat' dir='ltr'>manu</span> <span class='ocrx_word' id='word_1_361' title='bbox 627 4905 719 4959; x_wconf 87' lang='lat' dir='ltr'>multo</span> <span class='ocrx_word' id='word_1_362' title='bbox 741 4901 893 4959; x_wconf 83' lang='lat' dir='ltr'>recentiori</span> <span class='ocrx_word' id='word_1_363' title='bbox 916 4901 1008 4976; x_wconf 76' lang='lat' dir='ltr'>(saec.</span> <span class='ocrx_word' id='word_1_364' title='bbox 1042 4899 1124 4956; x_wconf 86' lang='lat' dir='ltr'>XVII</span> <span class='ocrx_word' id='word_1_365' title='bbox 1137 4901 1163 4968; x_wconf 83' lang='lat' dir='ltr'>i)</span> <span class='ocrx_word' id='word_1_366' title='bbox 1198 4901 1363 4955; x_wconf 76' lang='lat' dir='ltr'>rubricatus</span> <span class='ocrx_word' id='word_1_367' title='bbox 1393 4903 1439 4954; x_wconf 88' lang='lat' dir='ltr'>est</span> <span class='ocrx_word' id='word_1_368' title='bbox 1472 4897 1592 4954; x_wconf 87' lang='lat' dir='ltr'>titulus:</span> <span class='ocrx_word' id='word_1_369' title='bbox 1641 4897 1775 4953; x_wconf 81' lang='lat' dir='ltr'>»Stetuta</span> 
     </span>
     <span class='ocr_line' id='line_1_45' title="bbox 379 4983 1774 5063; baseline -0.006 -16"><span class='ocrx_word' id='word_1_370' title='bbox 379 4989 571 5063; x_wconf 86' lang='lat' dir='ltr'>provincialia</span> <span class='ocrx_word' id='word_1_371' title='bbox 595 4989 864 5062; x_wconf 87' lang='lat' dir='ltr'>archiepiscopatus</span> <span class='ocrx_word' id='word_1_372' title='bbox 887 4987 1052 5058; x_wconf 87' lang='lat' dir='ltr'>Pragensis.</span> <span class='ocrx_word' id='word_1_373' title='bbox 1080 4985 1192 5044; x_wconf 66' lang='lat' dir='ltr'>icit«</span> <span class='ocrx_word' id='word_1_374' title='bbox 1217 4985 1250 5042; x_wconf 92' lang='lat' dir='ltr'>ln</span> <span class='ocrx_word' id='word_1_375' title='bbox 1274 4986 1366 5042; x_wconf 81' lang='lat' dir='ltr'>fronte</span> <span class='ocrx_word' id='word_1_376' title='bbox 1397 4986 1528 5041; x_wconf 87' lang='lat' dir='ltr'>eiusdem</span> <span class='ocrx_word' id='word_1_377' title='bbox 1552 4983 1707 5054; x_wconf 79' lang='lat' dir='ltr'>fragmenti</span> <span class='ocrx_word' id='word_1_378' title='bbox 1728 4998 1774 5038; x_wconf 90' lang='lat' dir='ltr'>oc·</span> 
     </span>
    </p>
   </div>
   <div class='ocr_carea' id='block_1_19' title="bbox 1057 5205 1107 5257">
    <p class='ocr_par' dir='ltr' id='par_1_20' title="bbox 1057 5205 1107 5257">
     <span class='ocr_line' id='line_1_46' title="bbox 1057 5205 1107 5257; baseline 0 0"><span class='ocrx_word' id='word_1_379' title='bbox 1057 5205 1107 5257; x_wconf 79' lang='lat'>130</span> 
     </span>
    </p>
   </div>
   <div class='ocr_carea' id='block_1_20' title="bbox 0 0 1929 5968">
    <p class='ocr_par' dir='ltr' id='par_1_21' title="bbox 0 0 1929 5968">
     <span class='ocr_line' id='line_1_47' title="bbox 0 0 1929 5968; baseline 0 0"><span class='ocrx_word' id='word_1_380' title='bbox 0 0 1929 5968; x_wconf 95' lang='lat' dir='ltr'> </span> 
     </span>
    </p>
   </div>
  </div>
 </body>
</html>
