3890 5970
879 593 916 655 19

193 803 297 866 Anno
323 801 415 866 1763.
438 801 497 881 (Re
520 819 599 864 vera
621 803 700 863 liber
723 806 867 864 continet
910 800 1091 881 Syllabum
1128 818 1273 879 operum
1303 800 1362 863 SS.
1396 799 1540 862 Patrum
1563 805 1598 862 et

194 890 412 968 Scriptorum
433 888 634 966 Ecclesiae).

298 980 345 1036 Ad
368 981 479 1036 calcem
503 981 578 1036 tituli
601 980 675 1035 haec
698 984 769 1034 nota
791 986 851 1034 est:
877 978 986 1034 Omnes
1010 979 1052 1034 illi
1075 978 1173 1034 Patres
1197 979 1244 1033 hic
1267 979 1433 1048 consignati
1463 983 1597 1048 prostant

193 1068 224 1122 in
247 1068 425 1124 bibliotheca
447 1066 708 1138 sumptuosissima
731 1065 945 1136 archiepiscopi
968 1065 1135 1136 Pragensis.
1175 1080 1212 1120 ex
1235 1079 1358 1135 quorum
1382 1065 1519 1134 operibus
1543 1079 1597 1134 ego

193 1169 229 1208 ea
252 1155 351 1210 omnia
374 1156 517 1225 exscripsi
539 1160 595 1209 etc.
618 1152 651 1208 In
675 1152 724 1208 sol.
747 1154 790 1207 tit.
814 1167 930 1223 praec:
955 1151 1040 1208 Dono
1063 1155 1124 1208 dati
1148 1152 1220 1222 (sic)
1243 1167 1280 1206 ex
1303 1151 1510 1206 benevolentia
1532 1150 1594 1207 Jos.

192 1239 325 1296 Barisien
353 1241 433 1296 1766
457 1241 534 1311 (sine
558 1242 649 1295 dubio
673 1239 750 1294 sicut
773 1240 890 1294 codices
914 1241 1047 1309 praeced.
1072 1245 1099 1294 et
1122 1241 1243 1308 subseq.
1266 1237 1461 1293 bibliothecae
1479 1237 1595 1308 collegii

192 1325 225 1383 S.
249 1325 274 1383 J.
300 1326 539 1398 Neo-Pragensi).

300 1492 342 1574 Μ
786 1491 982 1568 lara

192 1634 300 1696 chart.
323 1638 458 1715 autogr.
481 1652 513 1695 a.
537 1632 624 1696 1760
633 1632 681 1715 ff.
704 1631 769 1695 126
792 1651 884 1694 num.
907 1635 953 1696 35
964 1633 1050 1695 ><22
1073 1651 1137 1695 cm.

305 1755 595 1836 »Quatuordecim
617 1753 801 1833 Imagines,
825 1755 1025 1833 sapientum
1047 1755 1149 1818 dictis
1180 1770 1434 1832 expressae...
1453 1753 1595 1831 compil-

191 1847 303 1904 1atore
327 1843 402 1922 (sic)
425 1841 452 1902 J.
476 1841 513 1903 E.
539 1841 595 1903 E«
623 1841 793 1919 tJosepho
817 1841 967 1905 Ernesto
990 1841 1174 1921 Barisien).
1199 1841 1320 1920 Pragae
1341 1839 1432 1901 1760.
1457 1840 1591 1918 (Produ-

191 1935 310 1989 cuntur
332 1931 384 1990 hic
407 1931 469 1990 loci
494 1933 688 2006 scriptorum
714 1929 927 1990 classicorum
951 1929 993 1990 ad
1016 1933 1150 1990 virtutes
1174 1929 1336 2007 quasdam
1368 1933 1401 1988 et
1423 1929 1592 1988 hominum

192 2016 327 2076 ordines
352 2015 563 2094 spectantes)

297 2105 482 2176 Quamquam
506 2107 536 2160 in
560 2106 653 2160 fronte
676 2105 741 2160 libri
764 2104 852 2160 huius
877 2106 916 2161 rei
940 2109 1048 2161 mentio
1080 2121 1139 2161 non
1169 2105 1209 2175 fit,
1241 2104 1343 2175 procul
1375 2104 1465 2158 dubio
1497 2105 1592 2158 codex

191 2195 321 2247 donatus
344 2198 389 2247 est
411 2209 429 2248 a
453 2193 641 2263 compilatore
665 2192 742 2247 sicut
765 2191 883 2248 codices
900 2194 1106 2264 praecedentes
1121 2197 1149 2247 et
1165 2192 1378 2261 subsequentes
1399 2191 1593 2246 bibliothecae

190 2278 306 2350 collegii
331 2278 361 2336 S.
385 2277 411 2334 J.
435 2277 645 2350 Neopragensi.

301 2445 412 2527 ὦῶ
788 2445 986 2522 [Adi

192 2581 329 2648 Codices
351 2585 417 2647 duo
441 2587 551 2648 chori.
576 2592 711 2669 autogr.
736 2607 769 2650 a.
793 2587 880 2649 1755
901 2591 930 2648 et
952 2587 1039 2649 1756
1071 2585 1214 2661 exarati,
1245 2603 1391 2665 quorum
1426 2587 1514 2647 alter
1547 2587 1595 2667 (a)

187 2672 264 2746 264,
289 2673 376 2734 atter
399 2675 446 2750 (b)
469 2673 535 2736 289
549 2669 592 2756 ff.
616 2693 709 2737 nram.
732 2675 776 2737 36
788 2674 873 2736 ><21
898 2692 962 2734 cm.
987 2673 1136 2734 continet.

302 2797 431 2866 (Titulus
454 2797 491 2868 l.)
514 2793 633 2856 Notata
657 2795 698 2856 de
720 2793 967 2856 Haeresiarchis
992 2799 1023 2854 et
1044 2791 1256 2854 Haeresibus.
1291 2796 1419 2866 (Titulus
1443 2796 1493 2869 ΙΙ.)
1527 2791 1591 2854 Νο-

188 2887 266 2953 tata,
292 2897 352 2941 seu
375 2879 530 2943 Lexicon
553 2883 742 2944 haeresum
765 2897 854 2954 pene
879 2882 1045 2955 omniurn,
1081 2897 1164 2959 quae
1198 2897 1219 2940 a
1253 2884 1453 2958 reparatione
1478 2880 1591 2941 mundi

187 2967 231 3027 ad
256 2973 369 3028 nostra
392 2983 498 3046 usque
523 2973 671 3046 tempora
693 2973 947 3040 insurrexerunt,
982 2985 1023 3028 ex
1057 2972 1202 3028 veterum
1234 2971 1515 3045 recentiorumque
1540 2983 1590 3028 ec-

187 3055 446 3115 clesiasticarum
486 3070 592 3115 rerum
628 3056 839 3133 scriptoribus
874 3061 984 3115 erutae
1022 3060 1055 3115 et
1087 3058 1120 3114 in
1150 3069 1253 3115 unum
1288 3053 1442 3115 volumen
1477 3054 1590 3115 ordine

187 3140 393 3218 alphabetico
418 3141 570 3202 reductae
594 3158 614 3201 a
636 3141 663 3203 J.
687 3141 724 3202 E.
749 3141 785 3202 B.
809 3141 979 3218 (Josepho
1002 3140 1151 3203 Ernesto
1173 3137 1356 3219 Barisien.)

299 3230 382 3286 Dono
414 3231 474 3287 dati
504 3248 523 3286 a
552 3229 578 3287 J.
609 3231 642 3287 E.
673 3231 806 3288 Barisien
835 3233 906 3288 bibl.
937 3231 1053 3302 collegii
1083 3230 1114 3287 S.
1137 3228 1163 3287 J.
1188 3229 1295 3301 Pragae
1327 3231 1364 3284 ad
1388 3229 1419 3286 S.
1442 3228 1589 3301 Ignatium

188 3333 216 3372 a.
244 3317 336 3373 1766.

295 3481 332 3562 Π
784 3485 980 3561 Lam.

188 3623 299 3685 chart.
323 3628 457 3706 autogr.
482 3644 514 3687 a.
539 3625 626 3688 1755
641 3625 681 3708 ff.
704 3626 778 3689 322.
802 3645 894 3687 num.
917 3625 1057 3688 35><21
1082 3643 1147 3688 cm.

302 3744 450 3809 »Notata
471 3747 514 3809 de
536 3747 730 3822 Atheismo,
758 3747 988 3824 Ethnicismo,
1021 3746 1217 3824 Judaismo,
1250 3752 1285 3810 et
1307 3745 1590 3824 Philosophismo

187 3831 356 3894 historice
379 3833 586 3910 conscripta,
611 3834 751 3894 subinde
767 3839 799 3895 in
816 3834 962 3896 debiturn
978 3835 1125 3895 ordinem
1147 3833 1331 3912 redigenda.
1356 3833 1435 3894 Pars
1451 3833 1473 3894 1.
1491 3835 1588 3896 Anno

188 3917 320 3979 Domini
348 3918 438 3979 1755.
463 3918 490 3980 J.
506 3919 543 3980 E.
568 3919 624 3981 B.‹
651 3920 887 4000 (ziosephus
904 3919 1074 3982 Ernestus
1091 3919 1273 3997 Barisien.)
1290 3920 1383 3995 (Pars
1400 3919 1424 3980 ll
1441 3925 1588 4000 sequitur

187 4023 208 4066 a
231 4006 285 4065 sol.
310 4003 374 4065 210
396 4022 501 4084 usque
525 4006 567 4066 ad
591 4006 678 4084 322).

188 4179 209 4235 S
244 4180 255 4235 I
299 4093 401 4150 Codex
425 4097 461 4151 ab
485 4103 604 4152 auctore
627 4113 653 4153 a.
683 4097 762 4153 1766
787 4099 914 4152 donatus
944 4096 1138 4153 bibliothecae
1169 4097 1284 4168 cellegii
1316 4096 1346 4155 S.
1370 4095 1396 4152 J.
1420 4095 1527 4168 Pragae
1551 4100 1588 4152 ad

212 4225 219 4237 .
258 4181 400 4252 gnatium.

297 4347 408 4430 ΜΝ
783 4349 977 4427 [Αλᾶ

188 4486 324 4552 Codices
346 4489 413 4551 duo
436 4491 541 4552 chart.
566 4494 701 4570 autogr.
724 4507 756 4551 a.
781 4489 866 4552 1757
878 4489 925 4572 ff.
947 4489 1142 4565 323÷29a
1165 4492 1252 4553 33><
1265 4490 1306 4552 21
1331 4509 1394 4552 cm.

299 4609 534 4689 »Polyanthea
556 4609 752 4672 Haeresum
774 4627 795 4670 a
818 4609 1089 4689 Philosophorum
1113 4611 1240 4673 Placitis
1264 4610 1504 4691 Gentiliumque
1529 4612 1586 4674 Fa-

186 4698 273 4756 bulis
297 4698 459 4768 inchoata,
493 4696 692 4758 ludaeorum
728 4695 954 4758 Deliramentis
989 4703 1186 4772 continuata,
1221 4715 1282 4759 nec
1313 4715 1379 4761 non
1403 4698 1587 4760 Haeresiar·

186 4785 320 4844 charum
345 4783 515 4844 Erroribus
539 4801 558 4844 a
581 4789 726 4862 tempore
749 4785 982 4862 Apostolorum
1005 4785 1048 4844 ad
1072 4791 1184 4846 nostra
1214 4800 1319 4863 usque
1351 4791 1498 4863 tempora
1532 4787 1586 4847 de·

186 4869 295 4930 ducta.
320 4868 538 4948 Compilatore
561 4869 718 4948 Josepho
740 4869 890 4958 Ernesto
915 4869 1081 4944 Barisien,
1116 4875 1170 4950 qui
1200 4872 1263 4933 hoc
1295 4887 1379 4949 opus
1403 4877 1480 4950 post
1503 4874 1582 4933 mul-

187 4961 297 5104 tisimrtnl
316 4973 477 5018 annorum
501 4957 645 5018 laborem
668 4975 698 5018 a.
726 4955 806 5017 1757
830 4963 1101 5019 consummavit«
1134 4957 1230 5019 Tom.
1255 4957 1275 5018 l.
1300 4957 1407 5018 A-L.
1430 4955 1526 5019 Tom.
1550 4958 1585 5020 ll.

879 5267 895 5317 5
