3890 5970
1042 505 1102 568 153

476 709 497 794 i.
524 705 726 774 iSlii’--iii‹ib
749 710 939 778 Orationes
961 713 1124 792 quaedam
1139 717 1177 776 et
1193 711 1363 791 epistolae
1378 709 1505 784 (Oratio
1520 712 1561 773 de
1577 716 1776 790 praestantia

367 801 516 871 iustitiae,
540 797 578 860 in
601 797 723 862 funere
754 797 924 864 Ludovici
952 797 1138 875 Bentivoii,
1168 799 1306 879 epistola
1327 797 1371 859 ad
1395 815 1514 878 papam
1538 799 1580 860 de
1602 798 1774 860 virtutibus

368 883 530 955 Laurentii
552 883 594 948 de
616 883 756 948 Justinis
776 885 818 948 de
840 889 968 948 civitate
992 883 1133 960 Castalii,
1164 888 1241 948 item
1264 885 1306 946 ad
1329 882 1499 948 Nicolaum
1523 884 1565 946 de
1580 882 1773 964 capranica,

368 975 470 1034 oratio
493 971 657 1051 quaedam
680 971 724 1033 ad
746 973 928 1045 consules).

475 1056 496 1118 l.
523 1055 584 1118 195
613 1055 716 1120 Notae
746 1062 864 1133 variae,
894 1074 1032 1139 quarum
1060 1075 1137 1137 pars
1168 1061 1335 1120 concernit
1363 1057 1523 1118 librariam
1547 1057 1684 1119 alicuius
1708 1058 1772 1118 col-

367 1143 439 1222 legii
463 1142 553 1223 Prag.
1137 1219 1139 1226 ,
1201 1149 1204 1155 '

475 1229 496 1290 i.
524 1229 725 1292 1961--201ιι
748 1231 790 1293 Α.
813 1229 858 1293 Μ.
881 1228 917 1292 Τ.
939 1229 1099 1293 Severini
1122 1229 1258 1294 Boethii
1281 1228 1332 1292 De
1354 1231 1460 1294 modo
1474 1229 1721 1310 progrediendi
1735 1231 1773 1291 in

368 1315 534 1379 discendo
558 1322 593 1379 et
622 1317 778 1380 docendo
809 1317 911 1397 (aiios
939 1316 1127 1396 Speculum
1151 1316 1388 1396 scholarium).
1412 1349 1454 1362 -
1478 1314 1573 1396 Opus
1596 1320 1773 1397 suppositi·

368 1407 448 1465 tium
470 1419 603 1465 —cum
620 1409 706 1466 notis
722 1405 889 1484 permultis
902 1405 1142 1484 marginalibus.
1158 1402 1296 1466 »Vestra
1310 1408 1401 1466 novit
1415 1407 1574 1466 intencio«
1591 1404 1623 1462 ><
1639 1404 1772 1466 »ultima

368 1495 478 1558 tamen
500 1491 584 1552 alius
607 1494 735 1569 sapon's
758 1495 1003 1571 inquinamenta
1025 1492 1271 1570 permanebunt.
1309 1489 1380 1554 Deo
1402 1495 1540 1570 gracias.
1565 1489 1690 1552 Finitus
1712 1496 1764 1550 est

368 1576 420 1638 hic
451 1577 529 1638 liber
562 1595 591 1638 a
632 1577 713 1638 1462
745 1577 801 1640 ier.
844 1575 886 1640 Vl
920 1593 1050 1656 magna,
1084 1577 1164 1638 teria
1196 1577 1222 1644 li
1255 1582 1365 1640 autem
1406 1577 1554 1638 eiusdem
1590 1581 1773 1655 septimane

369 1659 505 1725 effectus
527 1667 591 1740 (sic
615 1680 673 1742 pro
696 1669 845 1739 evectus)
869 1663 914 1726 iui
937 1669 969 1726 in
993 1667 1185 1742 magistrum
1209 1664 1272 1726 sub
1295 1670 1418 1726 rectore
1442 1666 1662 1726 universitatis
1684 1679 1774 1741 mag.

368 1748 518 1811 iohanne
549 1747 590 1812 de
614 1749 717 1830 Praga
747 1755 833 1813 etin
857 1752 956 1814 robur
978 1749 1076 1812 huius
1099 1750 1328 1829 complementi
1359 1749 1597 1812 illustrissimus
1620 1753 1773 1828 princeps

369 1833 555 1898 Victorinus
579 1837 647 1898 dux
668 1833 977 1916 Minsterbergensis
1011 1853 1125 1898 comes
1148 1835 1258 1898 Giacie
1281 1840 1473 1916 capitaneus
1494 1834 1640 1898 Moravie
1673 1833 1705 1896 d.
1741 1841 1774 1898 et

370 1921 400 1984 d.
425 1923 466 1984 de
490 1922 670 1986 Podiebrad
693 1923 769 1986 iecit
791 1923 960 2004 solempne
984 1923 1155 2002 prandium
1185 1923 1363 2002 collegiatis
1392 1920 1528 1985 Caroli«
1555 1919 1604 1997 (Sl
1627 1921 1772 1984 contuie-

370 2012 471 2074 rimus
506 2009 548 2086 id,
589 2007 680 2089 quod
721 2011 764 2072 ad
805 2011 947 2073 eundem
986 2025 1110 2074 annum
1152 2009 1248 2072 reiert
1280 2009 1374 2071 Liber
1407 2007 1608 2072 decanorum
1648 2007 1684 2083 ll,
1719 2006 1772 2080 79,

369 2109 591 2174 agnoscemus
626 2097 766 2160 scribam
796 2096 842 2159 x.
871 2095 1122 2160 wenceslaum
1156 2097 1198 2158 de
1228 2095 1409 2172 Chrudim,
1438 2114 1460 2157 a
1481 2111 1547 2176 quo
1570 2099 1667 2157 etlam
1690 2095 1772 2156 alae

372 2189 479 2261 partes
503 2183 628 2244 codicis
651 2187 754 2246 nostri
777 2187 915 2263 scriptae
939 2199 1015 2245 esse
1038 2181 1211 2257 videntur).

478 2267 498 2330 i.
523 2264 645 2330 ΜΗ
667 2267 821 2334 Senecae
845 2271 888 2332 ad
910 2267 1082 2334 Lucilium
1105 2269 1273 2348 epistolae
1295 2268 1325 2330 11
1347 2275 1384 2332 et
1404 2265 1490 2334 vm.

477 2354 499 2416 i.
522 2352 729 2418 20211--204b
765 2353 921 2436 (Martini
954 2356 1152 2436 cuiusdam)
1181 2355 1363 2420 Tractatus
1385 2357 1429 2420 de
1458 2355 1564 2418 modo
1585 2351 1776 2416 artificioso

370 2441 550 2519 studendi,
572 2441 788 2522 intelligendi
812 2447 847 2506 et
870 2443 1096 2506 memorandi.
1127 2441 1301 2522 »Magnam
1324 2442 1496 2504 cuiuslibet
1518 2445 1594 2502 artis
1606 2445 1672 2501 vim
1685 2455 1774 2502 com·

370 2534 462 2608 parat
493 2529 627 2591 artilex«
642 2531 676 2589 Χ
692 2535 746 2592 »ut
775 2529 865 2611 quod
900 2535 1011 2592 nostre
1042 2532 1136 2592 beate
1171 2533 1343 2592 minoravit
1377 2531 1553 2601 societatis,
1588 2527 1775 2606 adaugeant

371 2631 552 2694 paucorum
577 2616 679 2678 multa
700 2621 831 2697 ingenia
854 2621 1004 2696 preciosa
1025 2617 1067 2679 ad
1091 2617 1260 2692 honorem,
1284 2620 1338 2696 qui
1362 2632 1493 2694 semper
1514 2617 1592 2680 vivit
1614 2620 1646 2675 et
1661 2619 1776 2692 regnat

371 2701 506 2763 Amen«
533 2700 596 2778 (Cl.
620 2703 694 2764 cod.
717 2702 800 2766 XIV.
824 2702 859 2764 F.
886 2701 949 2776 18.)
1322 2755 1323 2758 η

478 2787 501 2849 1.
524 2787 731 2852 205·-207·
752 2789 886 2854 Seneca
909 2789 951 2853 de
973 2788 996 2852 4
1016 2787 1206 2852 virtutibus
1230 2787 1462 2853 cardinalibus
1484 2801 1559 2848 cum
1576 2787 1776 2865 praelatione

371 2880 404 2938 et
426 2881 661 2938 commentario
684 2878 887 2938 interlineari.
922 2875 1090 2956 »Quatuor
1112 2883 1190 2938 sunt
1211 2879 1364 2938 virtutum
1389 2878 1536 2953 species«
1564 2875 1596 2928 ><
1622 2879 1698 2935 »aut
1721 2873 1777 2936 de·

371 2959 534 3024 iicientem
568 2968 758 3025 contemnat
790 2967 986 3042 ignaviam«.
1018 2963 1155 3038 (Auctor
1183 2968 1236 3024 est
1267 2961 1440 3026 Martinus
1474 2958 1677 3023 Dumiensis
1712 2977 1777 3023 seu

369 3045 646 3129 Braccarensis.)

478 3133 499 3194 i.
523 3130 604 3196 207b
625 3136 780 3200 Senecae
802 3136 846 3197 ad
869 3133 1040 3200 Lucilium
1062 3135 1210 3214 epistola
1231 3133 1288 3198 xl.

479 3220 500 3281 i.
524 3221 589 3284 208
610 3221 735 3284 Monita
758 3221 920 3303 quaedam
944 3223 1087 3295 moralia.
1114 3223 1204 3300 »Age
1227 3222 1271 3284 iiii
1294 3227 1330 3283 ut
1352 3226 1487 3300 oportet,
1511 3237 1572 3298 age
1595 3225 1631 3282 nt
1646 3219 1770 3282 decet.»

479 3307 501 3368 i.
524 3307 589 3370 209
611 3308 758 3388 Epistola
780 3310 1000 3371 consolatoria
1021 3309 1063 3371 ad
1087 3312 1248 3383 maritum,
1272 3311 1327 3388 qui
1350 3323 1487 3370 uxorem
1510 3310 1628 3368 arnisit.

478 3393 500 3456 l.
524 3390 729 3458 2102--223b
752 3395 893 3461 Aeneae
922 3393 1023 3458 silvii
1045 3393 1184 3474 (postea
1205 3393 1258 3458 Pii
1278 3393 1323 3473 11)
1344 3393 1522 3472 Epistoiae
1545 3394 1725 3472 quaedam.

479 3479 500 3542 i.
525 3477 730 3544 224¹-228b
753 3481 910 3544 Eiusdem
934 3480 1090 3560 epistolae
1113 3483 1176 3544 alia
1198 3497 1297 3543 manu
1321 3484 1441 3542 cursim
1466 3486 1627 3553 exaratae,
1652 3485 1685 3541 et
1706 3495 1773 3541 una

372 3563 523 3628 Friderici
547 3573 634 3648 regis
660 3569 910 3630 »lanceationem
934 3567 1043 3630 Enee·
1069 3585 1282 3630 concernens.

478 3653 500 3716 i.
524 3651 729 3717 2292-230b
750 3653 882 3718 Valerii
903 3653 1047 3718 Maximi
1069 3655 1113 3716 ad
1127 3653 1292 3717 Rufinum
1307 3653 1458 3733 epistota
1472 3653 1514 3718 de
1530 3669 1602 3717 non
1618 3653 1778 3716 ducenda

371 3755 491 3802 uxore.

480 3826 502 3888 i.
525 3822 605 3887 231b
628 3825 733 3889 Notae
757 3829 919 3909 quaedam
944 3829 1063 3890 nuliius
1088 3831 1253 3890 momenti.

479 3916 525 3972 Ad
537 3918 675 3988 opercula
685 3918 808 3990 inligata
829 3925 899 3974 sunt
912 3917 1008 3974 2iolia
1030 3915 1156 3975 alicuius
1186 3920 1253 3974 cod.
1276 3919 1396 3975 membr.
1419 3931 1499 3974 saec.
1522 3913 1589 3972 Xlll
1613 3917 1775 3986 argumenti

371 4003 478 4074 philos.
510 4001 612 4059 Codex
642 4004 733 4060 fuisse
765 4005 881 4062 videtur
909 4004 951 4062 M.
982 4003 1152 4060 Wenceslai
1175 4007 1210 4060 de
1235 4002 1385 4069 Cbrudim,
1416 4017 1502 4076 quem
1526 4002 1679 4059 concernit
1702 4009 1775 4057 nota

372 4089 542 4160 maginalis
564 4093 594 4146 ln
617 4089 636 4148 i.
669 4091 728 4150 201
763 4107 936 4150 occurrens:
974 4090 1055 4146 »Rex
1078 4089 1234 4148 Ladisiaus
1258 4089 1352 4146 felicis
1374 4089 1593 4148 recordacionis
1616 4087 1773 4144 defunctus

372 4180 416 4231 est
438 4192 466 4231 a.
490 4178 518 4232 d.
547 4176 626 4234 1457
651 4179 697 4234 die
720 4177 888 4234 Clementis.
911 4176 977 4249 Ipse
999 4183 1070 4234 tune
1100 4178 1240 4249 temporis
1270 4177 1380 4234 fueram
1407 4176 1444 4234 18
1468 4190 1614 4232 annorum
1637 4175 1724 4230 credo
1747 4183 1775 4228 et

371 4276 431 4317 non
455 4262 599 4334 amplius3
621 4279 690 4320 nam
713 4265 780 4322 steti
804 4266 841 4320 ad
865 4263 1048 4321 baccaiarios
1072 4271 1100 4321 et
1123 4279 1219 4320 annos
1242 4263 1280 4320 ad
1304 4265 1476 4336 magistrum
1499 4263 1518 4318 4
1543 4269 1644 4332 puto«
1669 4259 1773 4316 Codex

372 4347 442 4405 sibl.
466 4347 709 4422 nosennergrcaa,
732 4352 838 4408 aetnae
862 4351 1031 4408 monaster-n
1049 4349 1250 4406 meronensis
1274 4353 1345 4406 erar.
1369 4349 1412 4406 cr.
1434 4347 1560 4406 verini
1583 4331 1617 4404 c.
1633 4347 1669 4406 a,
1691 4347 1771 4403 ram

479 4602 548 4685 iia
981 4605 1011 4682 I.
1039 4605 1087 4681 D.
1115 4604 1176 4681 13.

373 4741 482 4806 chart.
504 4761 591 4806 saec.
614 4743 685 4808 XV
698 4744 737 4828 ff
758 4744 826 4808 143
846 4763 950 4822 nram,
973 4743 1112 4808 30><21
1139 4762 1202 4807 cm.
1226 4744 1243 4807 1
1268 4761 1313 4806 m.

483 4865 642 4930 1·-137⁸
665 4866 825 4947 (Antonii
838 4862 1056 4945 Parmensis)
1070 4865 1260 4928 Sermones
1275 4865 1317 4927 de
1328 4869 1496 4942 tempore.
1524 4861 1682 4941 »Explicit
1696 4861 1776 4923 iiber

373 4968 472 5032 super
501 4953 688 5034 evangelia«
720 4958 879 5036 (sequens
908 4953 1045 5016 verbum
1075 4968 1206 5014 erasum
1237 4956 1311 5026 est).
1342 4951 1413 5012 Alia
1436 4965 1555 5012 manus
1579 4947 1638 5010 sed
1662 4949 1770 5010 adhuc

1056 5173 1090 5225 bd
