3844 5968
995 603 1053 664 251
1100 639 1101 644 κ

433 810 453 871 1.
477 807 559 872 320b
584 817 616 872 et
638 815 670 872 in
694 811 866 889 operculo:
891 800 1124 888 Bartolomeje
1146 807 1314 887 Klaperty
1347 803 1482 872 zlelde
1506 802 1647 872 Piseho
1663 809 1728 871 Bo-

329 891 395 960 lim
411 889 480 960 ttle
496 893 667 976 podinajici
684 915 739 958 se:
767 893 882 957 »Verrii
899 892 1062 970 kiestane,
1078 891 1188 957 vdime
1201 893 1442 975 jednostajnes
1472 896 1562 958 »Hoc
1584 896 1619 957 ir.
1638 895 1728 960 Crux

329 989 460 1064 scripsit
481 1003 510 1046 a.
537 983 622 1045 1492
645 989 676 1045 in
701 984 751 1044 die
776 982 963 1060 Stephani«
996 981 1081 1043 Nota
1104 988 1135 1043 in
1160 983 1262 1044 fronte
1297 999 1398 1044 manu
1432 984 1564 1044 eadem:
1614 983 1727 1044 »Hanc

328 1076 521 1133 cancionem
545 1075 736 1149 composuit
758 1071 891 1150 quidam
926 1069 1176 1131 Bartholomeus
1201 1071 1241 1130 de
1263 1067 1364 1131 Telcz
1379 1075 1528 1144 nacione,
1552 1069 1638 1132 filius
1653 1069 1727 1130 Kla-

328 1165 427 1238 perte,
452 1159 611 1238 plebanus
635 1161 667 1218 in
691 1156 799 1218 Broda
822 1155 1018 1234 Ungaricali,
1042 1173 1141 1237 quam
1158 1156 1308 1216 Adamus
1328 1156 1461 1235 quidam
1478 1157 1519 1218 de
1536 1156 1728 1236 Sstemberg

328 1248 487 1307 ioculator
508 1248 652 1307 cantavit
674 1250 706 1305 et
728 1249 841 1305 nostro
865 1242 1023 1322 Gregorio
1047 1243 1141 1304 Rufio
1165 1242 1255 1304 dedit
1276 1245 1500 1318 transcribere,
1540 1251 1572 1305 et
1593 1248 1664 1322 ipse
1679 1249 1727 1304 at·

328 1335 398 1394 tulit
419 1332 516 1393 nobis
539 1348 612 1393 eam
637 1335 668 1392 in
691 1329 872 1391 Trachon«
907 1331 1029 1408 (Edidit
1051 1325 1167 1391 Hanus
1191 1333 1222 1391 in
1247 1327 1335 1408 Maly'
1358 1329 1464 1409 vy‘bor
1486 1349 1516 1409 p.
1540 1330 1606 1406 62).

431 1455 611 1512 Intrlnsecus
635 1454 764 1527 operculi
787 1471 883 1526 super.
908 1455 981 1510 haec
1004 1461 1074 1509 nota
1097 1453 1243 1511 occurrit:
1273 1453 1321 1509 »In
1346 1456 1404 1510 hoc
1427 1455 1572 1528 opusculo
1588 1455 1636 1512 isti
1653 1470 1726 1512 con-

330 1544 457 1599 tinentur
480 1547 620 1599 tractatus
644 1557 695 1614 per
717 1557 762 1597 me
787 1541 909 1598 Crucem
933 1544 970 1597 de
991 1541 1076 1596 Telcz
1099 1542 1128 1596 in
1153 1542 1254 1596 seculo
1279 1541 1425 1597 collecti«
1474 1541 1531 1598 Sed
1568 1543 1728 1613 prohdolor

329 1631 484 1700 catalogus
507 1631 556 1688 hic
579 1630 709 1685 radendo
734 1644 841 1699 magna
863 1644 900 1684 ex
923 1633 1003 1699 parte
1026 1629 1139 1683 deletus
1162 1634 1217 1684 est,
1240 1628 1276 1684 A.
1305 1628 1385 1684 1609
1410 1630 1504 1684 codex
1521 1629 1591 1685 bibl.
1615 1629 1728 1684 Rosen-

330 1717 462 1786 bergicae
486 1722 555 1784 erat,
580 1732 616 1771 ex
640 1731 698 1785 qua
721 1717 872 1771 restitutus
895 1720 940 1770 est
963 1713 1140 1770 monasterio
1163 1711 1352 1771 Tiebonensl.

430 1917 498 1999 251
919 1917 949 1992 I.
975 1917 1017 1992 F.
1043 1911 1105 1991 19.

327 2077 436 2138 chart.
461 2094 531 2138 cca.
555 2095 588 2138 a.
612 2077 696 2138 1747
718 2075 756 2157 ff.
780 2076 833 2149 65,
857 2075 896 2136 21
911 2075 999 2137 ><17
1022 2093 1085 2137 cm.
1107 2075 1125 2136 1
1152 2095 1197 2138 m.

326 2214 512 2278 Athanasii
535 2231 556 2275 a
578 2213 611 2276 S.
635 2213 791 2292 Josepho
815 2213 927 2292 (Eliae
950 2212 1137 2291 Sandrich)
1172 2215 1245 2275 ord.
1268 2213 1346 2275 frat.
1371 2213 1504 2276 eremit
1528 2213 1669 2276 discalc.
1693 2231 1724 2276 s.

723 2299 913 2379 Augustini
935 2297 1114 2378 Opuscula
1135 2300 1314 2363 historica.

428 2423 448 2482 f.
477 2421 581 2482 1-35
604 2420 629 2483 1.
652 2404 862 2484 Dissertatio
877 2421 1458 2501 historico-ehronologicocritica,
1476 2423 1512 2484 in
1528 2439 1596 2501 qua
1609 2423 1724 2502 primo

326 2509 541 2587 proponitur,
565 2525 610 2570 an
633 2508 667 2571 S.
689 2507 847 2570 loannes
880 2507 1152 2586 Nepomucenus
1169 2555 1177 2570 .
1195 2558 1226 2572 ..
1251 2509 1299 2571 sit
1321 2527 1415 2571 unus
1448 2510 1609 2589 idemque
1643 2527 1725 2572 cum

324 2595 463 2659 duanae
486 2597 528 2658 de
550 2594 683 2658 Pomuk
700 2643 706 2656 .
725 2641 757 2657 ..
780 2595 912 2657 vicario
935 2595 1163 2673 generali...
1187 2596 1310 2658 deinde
1327 2644 1334 2658 .
1353 2641 1385 2658 ..
1409 2595 1622 2659 affirmmiva
1634 2603 1725 2659 tam·

325 2681 662 2833 {uaffimbabffim
684 2683 886 2756 adstruitur,
910 2683 1049 2744 demum
1079 2687 1284 2761 argumenta
1308 2684 1469 2761 opposita
1500 2689 1722 2746 enervantur.

430 2888 666 2952 136-4411.
703 2889 871 2970 Quaestio
906 2891 1409 2970 chronologico-genealogica:
1450 2892 1589 2970 quando
1627 2891 1726 2954 Cella

325 2977 485 3042 Mariana
505 2977 543 3038 in
565 2975 684 3055 Styria
704 2977 855 3054 primum
879 2977 970 3039 facta
993 2976 1099 3039 fuerit
1121 2977 1270 3040 celebris
1292 2995 1356 3056 per
1369 2978 1559 3041 Henricum
1575 2978 1724 3041 marchi-

328 3082 432 3128 onem
453 3063 630 3226 Mpraviae
653 3069 714 3126 etc.
739 3061 847 3142 (Opus
871 3065 1020 3125 eiusdem
1045 3070 1227 3143 argumenti
1250 3071 1337 3144 typis
1361 3070 1559 3145 impressum
1583 3072 1634 3126 est
1650 3066 1723 3126 Pra—

323 3169 511 3232 gaesa..

426 3271 447 3334 i.
472 3271 603 3333 45-59
627 3270 679 3332 111.
703 3269 943 3334 Memorabilia
964 3272 1007 3334 de
1028 3271 1167 3335 domne
1188 3273 1338 3336 Ernesto
1353 3273 1496 3337 Platisio
1514 3276 1556 3336 de
1571 3272 1723 3336 Platten-

327 3358 429 3434 stein,
453 3355 751 3436 elect02episcopo
775 3356 1012 3420 Olomueensi.

426 3463 447 3526 i.
472 3461 600 3524 60-65
623 3462 784 3540 Excerpta
807 3479 824 3522 e
848 3463 1010 3524 chronicis
1036 3464 1125 3542 apud
1148 3464 1212 3525 Pez
1235 3469 1417 3543 impressis,

425 3587 495 3643 Sine
519 3588 608 3643 dubio
632 3603 668 3642 ex
691 3594 816 3643 monast.
842 3603 867 3644 s.
893 3585 1063 3644 Wenceslai
1088 3587 1247 3659 Neo-Prag.

426 3790 505 3871 252
930 3790 960 3864 l.
988 3793 1028 3866 F.
1057 3791 1119 3868 20.

325 3933 433 3994 chart.
457 3951 490 3994 a.
512 3931 599 3994 rara
609 3930 655 4013 ff.
679 3932 752 4006 139,
775 3932 919 3994 22><15
939 3949 1002 3994 cm.
1027 3935 1045 3995 1
1070 3951 1114 3996 m.

478 4069 733 4133 Conclusiones
757 4073 868 4148 quarti
892 4073 971 4135 libri
996 4072 1256 4135 Sententiarum
1278 4071 1370 4134 Petri
1393 4071 1587 4134 Lombardi.

429 4191 448 4252 i.
477 4193 488 4252 1
517 4195 651 4265 (rubrio.)
697 4191 827 4269 »Incipit
850 4192 928 4253 liber
959 4200 1094 4272 quartus
1130 4195 1381 4254 conclusionum
1406 4197 1648 4254 sentenciamm
1674 4193 1719 4252 di-

324 4283 459 4340 stinccio
483 4283 613 4356 prima«
641 4281 673 4337 ><
697 4278 717 4339 f.
746 4278 820 4339 138·
845 4279 1003 4357 »Explicit
1025 4279 1077 4340 1111
1102 4281 1179 4340 liber
1202 4285 1442 4341 sentenciarum
1474 4279 1514 4340 de
1537 4280 1720 4340 conclusio·

323 4365 421 4427 nibus
444 4365 554 4426 finitus
578 4383 606 4426 a.
632 4365 661 4426 d.
690 4363 773 4425 1416
795 4365 852 4426 ier.
876 4364 918 4425 lV
941 4371 1016 4426 ante
1041 4365 1161 4427 lestum
1196 4383 1222 4427 S.
1249 4367 1421 4428 Ambrosii.
1469 4366 1595 4426 Eodem
1631 4383 1719 4427 anno

323 4451 511 4514 interiectus
535 4459 586 4513 est
609 4451 741 4513 Raczko
775 4451 915 4530 Kobylla
949 4457 1145 4513 sevissimus
1180 4460 1370 4531 persecutor
1403 4461 1435 4514 et
1468 4454 1718 4514 crudelissimus

324 4543 566 4612 canonicorum,
601 4539 814 4617 plebanorum
849 4544 881 4599 et
913 4539 1049 4599 aliorum
1078 4539 1239 4600 bonorum
1264 4539 1472 4601 sacerdotum
1497 4545 1528 4600 in
1551 4538 1719 4601 Montibus

325 4624 466 4686 Guttnis.
491 4623 541 4685 Do
565 4624 666 4705 Hory,
689 4623 859 4704 Wykleffi,
885 4625 928 4685 do
951 4624 1042 4705 Hory
1066 4627 1108 4686 od
1132 4627 1260 4705 bozych
1287 4629 1435 4704 przatel.«

431 4746 450 4806 i.
479 4741 677 4807 wat—139³
698 4743 802 4807 Notae
825 4751 933 4806 variae
958 4747 1158 4824 theologicae
1183 4753 1214 4808 et
1236 4748 1256 4808 6
1281 4765 1398 4808 versus
1423 4749 1584 4808 bohemici
1607 4750 1717 4826 incipi-

325 4839 434 4894 entes:
458 4829 542 4893 Ktoz
558 4850 634 4894 nam
651 4838 794 4912 prziegy,
818 4833 884 4912 day
906 4850 985 4912 gym
1009 4835 1099 4912 myly
1122 4833 1229 4913 bozye
1253 4835 1378 4914 spyeeh
1402 4840 1462 4896 etc.
1488 4833 1561 4915 (Ed.
1585 4837 1617 4895 in
1638 4833 1719 4895 Roz-

325 4935 428 4998 pravy
451 4917 632 4998 filologiclre
656 4917 863 4981 Gebauerovi
886 4915 1069 4981 venovane'.
1096 4918 1126 4978 V
1150 4920 1247 4982 Praze
1275 4921 1381 4993 1898.)

426 5041 449 5097 E
472 5051 618 5100 conventu
642 5044 774 5099 Plznensi
799 5047 861 5099 ord.
886 5043 1121 5099 Praedicatorum
1145 5061 1170 5102 s.
1194 5045 1320 5116 Margar.

998 5265 1046 5313 104
