3856 5974
1059 543 1139 604 1544

395 747 574 824 usquead
595 764 626 810 a.
659 747 745 811 1334
776 748 1030 812 continuatum.
1066 749 1119 812 »ln
1154 749 1332 829 primordio
1364 753 1520 828 temporis
1553 755 1632 812 ante
1665 767 1801 812 ornnem

395 831 501 894 diem«
529 837 561 892 ><
587 836 765 914 »elegitque
796 840 906 897 vocari
937 835 1154 898 Benedictus«
1190 835 1284 912 (Xll).
1320 835 1422 910 (Finis
1457 836 1552 897 deest
1584 835 1666 898 folio
1698 839 1802 900 cultro

394 925 574 981 truncator.
598 919 647 984 CI.
672 921 765 984 Perta
788 923 909 984 Archiv
931 921 971 997 X,
994 921 1068 984 666.

503 1005 525 1068 i.
549 1005 591 1068 93
618 1006 755 1070 »Oracio
779 1007 991 1089 (rhythmica)
1015 1009 1140 1071 domini
1170 1007 1314 1086 (Roberb'
1330 1007 1354 1082 ἒ)
1379 1007 1633 1088 Lyncolniensis
1656 1010 1700 1070 de
1731 1026 1801 1071 cor·

394 1109 472 1172 pore
496 1092 644 1156 Christi«
675 1097 764 1156 »Ave
787 1100 904 1158 vivens
935 1097 1061 1158 hostia«
1089 1097 1122 1153 ><
1148 1095 1211 1156 »da
1240 1099 1453 1158 etenuutem.
1487 1093 1584 1174 Expl.
1615 1101 1729 1158 oracio
1761 1097 1801 1158 de

395 1194 484 1258 corp.
508 1178 583 1243 Chr.
609 1197 708 1260 quam
732 1181 834 1244 edidit
857 1183 945 1244 dom.
970 1181 1252 1263 Lyncolniensis.‹

505 1268 658 1342 Operculls
689 1273 874 1343 adglutinata
904 1279 974 1329 sunt
1007 1272 1169 1344 fragmenta
1200 1273 1360 1328 membran.
1392 1271 1548 1328 cuiusdam
1577 1273 1738 1344 protocolli
1772 1277 1801 1329 in

395 1371 489 1412 causa
521 1357 678 1414 ecclesiam
719 1357 970 1416 Xaactoniensem
1021 1365 1214 1416 concutiente
1254 1373 1332 1416 saec.
1374 1355 1452 1414 XIV.
1488 1359 1660 1430 commipti.
1707 1357 1801 1416 Vetus

396 1444 472 1514 sign.
496 1442 530 1512 T,
554 1445 582 1501 2.

501 1591 604 1676 1544
830 1593 934 1671 VIII.
961 1595 1007 1676 E.
1035 1597 1096 1672 19.
1124 1611 1168 1677 (Υ.
1186 1611 1209 1664 1.
1222 1611 1250 1664 2.
1260 1627 1288 1664 a.
1301 1611 1372 1677 ηε.)

395 1715 590 1780 mmbran.
610 1735 700 1781 saec.
720 1719 814 1782 XIII
822 1718 871 1800 ss.
895 1719 970 1796 111,
992 1719 1135 1798 26)(21
1159 1737 1224 1783 σπι.
1246 1719 1270 1781 2
1289 1737 1336 1782 m.

504 1836 524 1898 I.
553 1837 667 1899 1·-7·
691 1837 814 1902 Gaieui
836 1837 940 1903 Liber
968 1845 1194 1904 secretorum.
1233 1839 1359 1902 »Verba
1393 1839 1527 1902 Galleni.
1567 1839 1704 1920 Rogasti
1739 1857 1800 1916 me,

395 1927 501 1984 amice
523 1923 673 1986 Montes«
701 1928 734 1985 ><
761 1927 973 1989 »transferam
1004 1931 1143 2007 ipsum«

503 2009 525 2072 I.
549 2008 687 2074 g.,30s
708 2011 838 2076 Rbasia
861 2013 1067 2092 compendii
1089 2012 1224 2088 medici,
1255 2013 1312 2076 cui
1341 2013 1562 2077 Almansoris
1585 2013 1801 2090 inscribitur,

393 2096 473 2158 libri
495 2095 528 2158 X
549 2115 571 2160 a
592 2097 636 2161 il.
661 2096 803 2163 Giraldo
828 2099 1060 2163 Cremonensi
1081 2100 1255 2163 translati.
1281 2099 1334 2162 »ln
1358 2101 1423 2162 hoc
1440 2102 1521 2163 libro
1536 2102 1726 2180 aggregabo
1743 2152 1751 2164 .
1769 2152 1800 2162 ..

396 2181 532 2246 Creator
553 2189 700 2248 omniurn
724 2187 826 2249 deus«
853 2189 886 2246 >(
912 2190 1040 2267 »gracie
1065 2190 1131 2248 sint
1154 2187 1306 2250 infinite«

504 2269 525 2334 i.
550 2268 610 2333 80¹³
632 2275 705 2348 (alia
742 2279 846 2349 manu)
879 2271 1029 2353 Epistola
1064 2273 1237 2334 cuiusdam
1273 2273 1369 2334 ducis
1404 2271 1570 2336 Saxoniae
1604 2279 1637 2336 et
1672 2278 1801 2336 comitis

396 2357 557 2436 Angariae
581 2358 622 2420 de
645 2361 827 2422 insolentiis
850 2361 1023 2422 cuiusdam
1048 2360 1222 2422 cardinalis
1246 2365 1486 2439 conquerentis.

503 2443 524 2505 1.
549 2442 731 2510 811-100δ
755 2447 887 2509 liba-sis
909 2445 1113 2510 Divisiones
1136 2451 1170 2521 (a
1192 2445 1235 2507 M.
1261 2445 1393 2508 Giraldo
1416 2445 1571 2510 Cremon.
1597 2445 1799 2526 translatae).

399 2527 581 2592 »Ventilata
605 2531 664 2594 fuit
685 2549 795 2594 coram
821 2535 924 2612 probo
947 2537 1035 2595 viro«
1062 2536 1095 2591 Χ
1120 2537 1279 2612 »vestigia
1301 2549 1445 2596 earum.»

504 2617 526 2679 1.
557 2613 754 2682 100⁵-107b
778 2619 944 2683 Eiusdem
966 2619 1218 2683 Antidotarius.
1255 2619 1348 2682 »Dixi
1380 2623 1412 2682 in
1442 2621 1522 2682 libro
1545 2635 1640 2682 meo«
1667 2623 1702 2678 ><
1730 2619 1801 2680 »de-

396 2707 495 2783 nique
519 2721 650 2783 repone.
674 2705 768 2785 Expi.
792 2711 853 2770 iste
876 2708 973 2768 liber«
1001 2755 1007 2768 .
1033 2758 1039 2770 .
1065 2756 1073 2769 .

504 2789 524 2852 1.
553 2787 753 2854 107l—113b
777 2793 975 2872 (Eiusdem)
999 2793 1205 2873 synonyma
1226 2793 1372 2855 arabica.
1400 2793 1559 2855 »Albasei
1579 2797 1598 2854 i.
1631 2809 1661 2854 e.
1691 2797 1800 2872 puncti

396 2877 497 3024 zubeli,
521 2883 575 2956 qui
599 2886 695 2941 sunt«
722 2882 754 2938 ><
781 2897 947 2942 »zerusca
972 2879 1066 2960 Expl.
1091 2884 1284 2942 sinonima.«
1310 2877 1500 2960 Sequuntur
1531 2886 1628 2942 notae
1653 2880 1696 2941 de
1723 2897 1801 2958 pon·

419 2980 462 3024 en
487 2980 537 3025 us.

504 3052 648 3127 Operculo
672 3071 768 3128 super.
793 3057 975 3128 adglutinata
998 3063 1043 3112 est
1065 3057 1189 3128 epistola
1212 3055 1357 3112 Jobannis
1381 3057 1522 3127 astrologi
1545 3058 1680 3127 magistri
1694 3057 1732 3112 de
1744 3055 1800 3111 Το-

395 3139 454 3194 leto
476 3143 546 3196 data
569 3157 595 3198 a.
624 3141 705 3198 1220
716 3143 759 3216 (i)
781 3147 819 3200 ad
841 3143 1025 3200 christianos
1049 3145 1084 3198 de
1108 3143 1291 3199 mirabilibus
1314 3141 1430 3200 tuturis.
1455 3141 1527 3198 ltem
1550 3143 1662 3199 ibidem
1686 3149 1717 3198 et
1733 3143 1801 3198 alibi

395 3225 504 3368 [Iniumle
534 3236 691 3285 occurrunt
722 3239 808 3286 notae
839 3232 969 3286 medicae
1001 3233 1126 3304 scriptae
1157 3229 1293 3286 manibus
1324 3231 1547 3286 recentioribus.
1578 3229 1634 3300 (De
1668 3231 1738 3288 eod.
1764 3229 1799 3286 cI.

423 3315 521 3369 ansilr
544 3329 573 3386 p.
598 3315 685 3386 604.)

502 3445 602 3529 1545
828 3448 932 3527 VIII.
958 3451 1002 3527 E.
1029 3449 1090 3527 20.
1117 3465 1363 3530 ‹ulan-2⁶.)

396 3567 505 3631 chart.
528 3587 614 3632 saec.
637 3569 724 3633 XIV
732 3572 778 3654 ff.
801 3572 876 3648 101,
897 3573 940 3635 27
954 3573 1039 3635 ><21
1063 3591 1127 3635 cm.
1151 3571 1182 3633 d.
1207 3589 1252 3634 m.

395 3689 583 3754 Sermones
607 3693 650 3754 de
671 3697 829 3771 tempore
863 3694 963 3757 etde
987 3691 1120 3756 sanctis
1143 3710 1224 3755 cum
1247 3691 1393 3770 epilogis
1415 3693 1635 3772 germanicis.
1671 3695 1801 3774 (latei-

676 3779 796 3843 nische
818 3780 1004 3860 Predigteu
1027 3779 1092 3842 mit
1113 3780 1307 3843 deutschen
1330 3778 1525 3860 Epilogen.)

504 3863 524 3926 1.
553 3861 585 3928 lb
612 3865 865 3946 »Prophetarum
890 3873 1031 3930 eximius
1062 3866 1170 3928 David
1201 3885 1276 3930 rex«
1303 3866 1336 3924 ><
1360 3867 1381 3929 I.
1405 3867 1484 3928 222·
1519 3867 1682 3947 »Explicit
1715 3885 1802 3948 opus

396 3967 587 4013 sermonum
621 3953 663 4013 de
697 3955 852 4015 omnibus
889 3955 1062 4016 dominicis
1097 3971 1154 4032 per
1187 3955 1342 4018 circulum
1379 3958 1485 4018 tocius
1519 3959 1596 4017 anni
1630 3961 1663 4016 et
1694 3963 1802 4017 cetera

396 4044 552 4099 strosac.‹
580 4079 587 4094 .

506 4124 526 4186 l.
551 4121 631 4187 222b
654 4124 846 4206 (Sermones
870 4128 911 4189 de
936 4129 1074 4208 sanctis)
1101 4128 1191 4190 »Hoc
1216 4131 1316 4191 modo
1333 4129 1390 4190 liat
1413 4133 1667 4208 pronuncciacio
1684 4129 1802 4190 diebus

396 4210 569 4273 dominicis
602 4215 687 4274 sicut
720 4217 754 4274 in
785 4214 849 4276 hoc
883 4232 981 4293 opere
1012 4215 1054 4276 de
1085 4219 1228 4278 sanctis·
1254 4217 1288 4274 ><
1311 4215 1331 4280 i.
1357 4215 1436 4278 366¹
1466 4216 1522 4292 (de
1555 4233 1581 4276 s.
1605 4213 1801 4294 Camarina)

399 4296 521 4359 »Maria
543 4302 762 4361 conservabat
785 4306 896 4362 omnia
918 4301 980 4363 hec
1003 4307 1083 4364 etc«

504 4383 526 4445 I.
549 4382 753 4448 3961-401·
774 4383 879 4449 Notae
903 4393 1012 4449 variae
1037 4389 1090 4462 (de
1115 4389 1299 4468 sortilegiis)
1322 4395 1354 4451 et
1378 4405 1550 4450 sermones
1574 4388 1706 4452 diversi.

506 4475 644 4531 Codicem
667 4491 779 4534 recens.
804 4477 896 4546 Kella,
922 4477 1080 4552 Serapeum
1108 4479 1189 4536 1860
1212 4496 1240 4552 p.
1266 4479 1317 4536 57.
1340 4477 1434 4536 Vetus
1457 4481 1534 4549 sign.
1557 4475 1595 4548 K,
1623 4479 1673 4540 17.

503 4641 601 4724 1546
828 4642 933 4722 VIII.
961 4645 1005 4723 E.
1032 4647 1095 4721 21.
1124 4663 1168 4726 (r.
1187 4661 1209 4713 r.
1227 4663 1251 4714 a.
1271 4661 1365 4729 aas.)

393 4781 502 4847 chart.
523 4799 612 4846 saec.
634 4781 704 4846 XV
709 4783 756 4866 ff
772 4784 847 4860 288,
868 4785 911 4847 27
924 4787 956 4842 ><
968 4785 1008 4847 21
1034 4803 1097 4847 cm.
1121 4785 1153 4848 d.
1177 4803 1221 4847 m.

499 4903 521 4967 I.
551 4905 683 4966 1⁸-47b
707 4906 852 4970 Summa
874 4907 1135 4970 Sententiarum
1157 4906 1252 4970 Petri
1274 4907 1471 4972 Lorubardi.
1498 4907 1690 4988 »Prologus
1715 4907 1800 4972 Scri-

393 4996 489 5070 ptura
513 5007 609 5054 sacra
631 4992 672 5054 de
696 4993 827 5056 duobus
850 4999 934 5073 agit·
959 4995 994 5052 ><
1020 5000 1074 5056 »ut
1096 5000 1185 5074 patet
1210 4999 1377 5056 intuenti«

1069 5217 1121 5267 570
