3856 5974
826 621 908 684 1450

270 827 374 910 1448
600 826 702 903 VIII.
730 829 775 904 B.
803 829 863 903 12.
892 844 937 908 (r.
955 845 976 896 r.
994 847 1019 897 a.
1039 861 1064 896 n.
1080 847 1131 910 rr.)

162 951 273 1013 chart.
284 968 372 1014 saec.
388 951 427 1014 X
430 951 458 1012 V
467 949 565 1034 (pars
587 969 621 1013 a.
644 951 742 1025 1418)
756 947 805 1030 ff.
828 951 896 1014 295
904 969 1008 1025 nram„
1020 951 1062 1014 31
1078 953 1116 1029 ><
1130 953 1169 1014 21
1195 971 1259 1016 cm.
1272 954 1302 1014 d.
1316 972 1360 1016 m.

266 1071 287 1132 1.
315 1066 675 1134 1·—242l}1aimonis
698 1072 979 1135 Commentarius
1003 1071 1040 1134 in
1052 1072 1220 1150 epistolas
1233 1089 1263 1138 s.
1275 1073 1384 1135 Pauli.
1413 1074 1566 1154 »Scripsit

160 1160 334 1236 apostolus
369 1159 509 1220 Paulus«
536 1160 568 1216 ><
594 1163 795 1239 »pertingere
819 1177 1009 1221 mereamur.
1035 1160 1151 1221 Amen.
1174 1158 1247 1220 Talr
1271 1161 1338 1239 day
1362 1163 1460 1223 buoh.
1496 1161 1565 1223 Sub

160 1263 191 1305 a.
219 1244 300 1307 1418
324 1246 435 1308 finitus
460 1252 511 1307 est
533 1247 612 1307 liber
634 1250 695 1306 iste
719 1247 774 1308 ier.
807 1246 849 1308 Vl
871 1251 904 1309 in
928 1250 1083 1327 passione
1108 1263 1134 1308 s.
1160 1245 1326 1309 Ludmille.
1351 1247 1481 1327 Haymo
1506 1247 1566 1308 Re·

162 1337 283 1410 migius
318 1349 418 1412 super
448 1333 727 1412 Apostolum...
754 1334 841 1395 Pane
876 1329 982 1394 buoie
1018 1334 1084 1413 day
1119 1333 1283 1394 swobodu
1318 1340 1453 1396 wssiem
1488 1336 1565 1397 ktoz

162 1420 283 1499 tobye‹
308 1423 394 1493 (sic).

267 1504 288 1567 i.
313 1499 517 1568 alu-295⁵
540 1509 698 1580 (anepigr.)
721 1504 895 1568 Iohannis
917 1504 994 1568 Hus
1018 1505 1299 1568 Commentarius
1323 1506 1358 1567 in
1375 1507 1561 1570 canonicas

160 1591 342 1668 epistolas
371 1592 481 1654 »Pater
497 1598 529 1653 et
543 1592 628 1653 filius
644 1600 676 1654 et
699 1597 829 1671 spiritus
850 1610 876 1653 s.
901 1593 1067 1671 dignetur«
1094 1596 1127 1651 Χ
1153 1597 1202 1653 »in
1227 1598 1338 1654 omnia
1361 1596 1473 1655 secula
1499 1599 1566 1657 exi-

161 1683 288 1740 stenti«
305 1679 402 1758 (Edit.
413 1677 558 1740 Norimb.
572 1678 607 1752 11,
626 1678 684 1740 105
697 1679 796 1741 habet
808 1685 931 1741 textum
945 1685 1115 1757 integrum.
1134 1682 1299 1758 exemplar
1310 1681 1375 1740 hoc
1388 1686 1565 1755 truncum.)

268 1768 299 1824 In
323 1776 446 1840 utroque
480 1773 689 1825 commentario
724 1777 882 1826 occurrunt
910 1785 991 1826 rarae
1025 1772 1143 1840 glossae
1175 1771 1353 1827 bohemicae.
1394 1771 1477 1828 Saec.
1513 1771 1568 1826 XV

161 1857 240 1910 liber
262 1864 323 1912 erat
348 1855 588 1929 »campionis«,
612 1862 644 1911 ut
666 1859 752 1912 docet
776 1862 846 1911 nota
868 1859 899 1911 in
922 1857 1059 1927 operculo
1083 1872 1178 1928 super.

270 2005 372 2088 1449
591 2005 694 2081 VIII
722 2008 765 2081 B.
795 2009 856 2084 13.
884 2024 928 2086 u'.
948 2024 981 2074 n.
1002 2025 1025 2074 2.
1044 2039 1070 2074 n.
1091 2023 1143 2088 ra)

162 2131 273 2192 chart.
296 2147 383 2192 saec.
407 2129 443 2190 X
447 2129 476 2188 V
484 2129 531 2211 ff.
554 2130 628 2204 403,
650 2131 695 2192 32
707 2130 747 2208 ><
760 2130 800 2191 21
825 2147 889 2192 cm.
911 2131 943 2192 d.
967 2149 1011 2191 m.

264 2251 417 2314 Thomas
442 2253 484 2312 de
507 2250 647 2328 Aquino
670 2250 835 2313 Summae
856 2251 1073 2329 theologicae
1098 2252 1252 2313 secunda
1275 2253 1458 2314 secundae.

267 2339 287 2400 I.
309 2334 442 2400 1¹—10b
464 2337 593 2398 Tabula
605 2341 833 2417 quaestionum
854 2339 1009 2399 »secundi
1026 2339 1094 2400 libri
1111 2339 1255 2399 secunde
1273 2344 1371 2416 partis
1387 2339 1423 2400 ir.
1440 2337 1568 2400 Thome

163 2427 205 2486 de
230 2427 361 2504 Aquino
384 2443 413 2486 a.
438 2427 469 2485 d.
490 2471 497 2486 .
518 2474 524 2488 .
545 2473 551 2486 .
571 2424 609 2484 7«
636 2425 746 2503 (notae
770 2441 979 2487 numerorum
1003 2429 1105 2486 cultro
1130 2425 1283 2500 excisae).

269 2513 289 2573 1.
314 2507 395 2573 4031
418 2515 566 2585 (quaestio
595 2513 667 2586 189)
695 2514 830 2574 »videns
861 2517 969 2573 autem
995 2516 1222 2589 magistrorum
1246 2515 1329 2572 vicia
1353 2513 1570 2573 revertebatur

161 2600 205 2660 ad
229 2603 406 2660 vomitum«
435 2597 524 2669 llinis
548 2598 663 2672 deest).

268 2687 420 2759 Operculis
456 2688 617 2758 adligatum
652 2695 696 2744 est
730 2689 920 2760 fragmentum
954 2690 1074 2744 membr.
1110 2689 1297 2742 instrumenti
1329 2689 1439 2760 publici
1463 2691 1568 2745 notarii

160 2776 316 2831 Vincencii
348 2775 423 2845 lory,
458 2789 517 2846 quo
547 2775 646 2831 literae
670 2777 781 2846 rndulg.
806 2775 927 2847 Eugenii
950 2790 1043 2846 papae
1066 2773 1107 2828 IV
1130 2777 1214 2830 datae
1250 2774 1429 2831 Wenceslao
1464 2777 1500 2830 de
1522 2775 1570 2831 Bi-

165 2863 293 2934 skupicz
315 2879 342 2920 a.
370 2860 449 2917 1435
474 2869 735 2933 recognoscuntur.

271 3011 371 3093 1450
603 3012 704 3088 VIII.
735 3017 778 3090 B.
807 3015 867 3088 Ill.
897 3029 941 3095 (r.
961 3031 980 3081 1.
999 3031 1024 3081 3.
1045 3045 1068 3080 n.
1087 3031 1141 3093 57.)

162 3136 383 3300 ἓξαζέὲαεσ.
418 3133 486 3283 IZIV
514 3133 612 3214 (pars
634 3154 666 3197 a.
692 3137 791 3216 1407)
810 3135 859 3215 ff.
891 3136 956 3198 287
986 3154 1092 3210 natata,
1122 3136 1310 3216 quorum8
1351 3135 1460 3196 excisa
1483 3139 1570 3208 sunl,

339 3239 401 3283 cm.
470 3239 516 3284 m.

272 3343 292 3405 1.
324 3342 503 3406 121-1511
526 3344 668 3407 Roberti
691 3345 795 3423 episc.
821 3343 1078 3406 Lineolniensis
1110 3342 1211 3406 Dicta
1235 3341 1304 3405 147.
1332 3344 1452 3404 »Amor
1467 3345 1570 3404 multi·

165 3433 289 3509 pliciter
311 3430 439 3492 videtur
462 3433 544 3493 dici«
570 3434 603 3490 ><
634 3435 724 3511 (post
748 3433 942 3493 rubricatum
967 3434 1129 3508 epilogum
1147 3429 1301 3504 auctoris,
1319 3429 1456 3492 barbara
1471 3447 1571 3492 manu

169 3520 367 3586 truncatum)
406 3517 466 3578 »Et
495 3523 526 3580 in
550 3520 612 3579 hoc
644 3521 855 3580 terminantur
893 3517 950 3578 147
975 3518 1061 3578 dicta
1084 3534 1144 3578 seu
1168 3534 1338 3578 sermones
1364 3515 1398 3576 ll.
1424 3515 1456 3577 L.
1481 3516 1572 3579 finita

170 3621 200 3664 a.
225 3606 256 3664 d.
283 3600 395 3665 1402«
1200 3629 1206 3634 ·

276 3690 296 3751 1.
325 3685 527 3753 1562-15912
560 3689 689 3753 Tabula
722 3692 926 3770 alphabetica
955 3706 1066 3751 rerum
1098 3695 1129 3751 in
1165 3692 1319 3769 operibus
1356 3691 1570 3768 sequentibus

171 3782 419 3839 occurrentium.

276 3864 295 3925 1,
325 3859 524 3926 rore-aod
548 3864 582 3926 S.
606 3863 793 3943 Augustini
827 3862 877 3925 De
912 3863 1070 3925 doctrina
1093 3863 1283 3925 christiana
1306 3861 1384 3923 libri
1406 3860 1452 3924 lV
1474 3879 1572 3940 prae-

171 3951 315 4013 cedente
339 3952 585 4013 retractatione
609 3968 716 4028 super
738 3951 871 4012 iisdem.
910 3949 1043 4011 »Libros
1067 3950 1107 4010 de
1131 3951 1278 4012 doctrina
1300 3950 1475 4010 christiana
1499 4001 1504 4010 .
1531 3997 1538 4010 .
1564 3999 1570 4008 .

171 4035 256 4099 Sunt
280 4043 431 4116 precepta
455 4039 614 4116 quedam«
643 4041 674 4095 ><
703 4036 872 4098 »facultate
897 4037 1046 4097 disserui.
1070 4036 1163 4115 Expl.
1188 4037 1210 4097 4
1233 4037 1273 4096 de
1298 4037 1327 4096 d.
1355 4035 1448 4098 Chr«

275 4123 295 4185 i.
320 4124 526 4187 2071--2298
548 4123 581 4185 S.
605 4124 764 4186 Anselmi
802 4123 1068 4186 cantuariensis
1103 4123 1206 4201 episc.
1238 4122 1340 4184 Liber
1374 4122 1463 4185 »Cur
1486 4123 1572 4184 deus

171 4213 307 4272 homo«
330 4209 442 4290 »Opus
467 4212 654 4272 subditum«
681 4215 713 4268 ><
739 4211 930 4271 »attribuere
955 4211 1146 4272 debemus·

276 4297 296 4357 1.
321 4297 528 4360 22911-271⁸
562 4296 729 4360 Eiusdem
758 4296 860 4358 Libcr
898 4297 940 4358 de
975 4296 1272 4358 similitudinibus.
1311 4295 1489 4358 »Voluntas
1523 4300 1573 4357 tri·

172 4385 295 4462 pliciter
317 4386 515 4463 intelligitur«
543 4387 576 4443 Χ
603 4389 835 4463 »inquantum
859 4387 981 4448 volunt.
1007 4381 1121 4461 Expl.‹
1147 4391 1207 4444 etc.

276 4470 297 4532 1.
322 4467 527 4533 2711-2781
558 4472 591 4535 S.
615 4471 781 4533 Bernardi
805 4468 1098 4533 claraevallensis
1120 4469 1394 4548 Apologeticum.
1437 4468 1571 4530 »Vener

172 4556 208 4618 ir.
233 4555 286 4619 W.
310 4558 347 4619 fr.
372 4556 428 4619 B.‹
455 4558 494 4634 ><
522 4563 674 4620 »omnino
699 4575 813 4638 precor
836 4563 867 4618 et
890 4559 1067 4636 supplico«

278 4643 298 4706 1.
323 4640 526 4706 aiut—282·
548 4645 581 4708 S.
606 4645 792 4722 Augustini
815 4642 918 4706 Liber
932 4645 975 4704 de
991 4641 1174 4720 disciplina
1190 4642 1391 4705 christiana.
1410 4641 1573 4702 »Locutus

172 4741 223 4790 est
246 4730 288 4791 ad
312 4748 392 4792 nos«
420 4732 459 4808 ><
488 4736 657 4793 »conversi
680 4734 722 4793 ad
747 4732 874 4792 deum«

277 4818 296 4879 1.
322 4814 529 4880 tuae-2861>
552 4817 717 4881 Eiusdem
739 4817 843 4880 Liber
864 4819 907 4878 ad
931 4815 1106 4879 Orosium.
1135 4814 1266 4894 »Queso
1289 4821 1330 4885 te,
1356 4821 1391 4875 ut
1414 4830 1573 4893 percunc-

172 4911 251 4968 tanti
288 4907 365 4966 mihi
400 4907 623 4984 respondeas«
649 4908 681 4964 ><
708 4906 912 4984 »posthanc
937 4905 1035 4965 vitam
1059 4902 1226 4964 videbunt.
1257 4901 1349 4980 Expl.
1384 4901 1479 4962 liber«
1512 4907 1572 4962 etc.

277 4992 298 5054 i.
323 4990 528 5054 2861--2871
551 4996 625 5067 (alia
648 4993 751 5070 manu)
774 4989 842 5053 Cur
864 4995 1010 5070 temptari
1036 4989 1118 5050 deus
1150 4990 1315 5049 hominem
1340 4991 1530 5066 permiserit.

277 5081 369 5138 Vetus
394 5084 469 5154 sign.
493 5082 520 5138 K
547 5083 593 5142 16.

849 5301 899 5352 537
