3890 5970
379 599 405 650 X

377 817 415 876 in
438 817 511 890 ipsa
535 809 734 890 praefatione
757 811 895 888 catalogi
929 812 1054 890 collegii
1086 811 1224 890 angelici
1257 819 1367 890 aperte
1400 812 1611 886 suadebatur,
1646 821 1682 874 ut
1714 815 1784 878 libri

382 917 627 978 membranacei
648 919 777 976 veteres
801 915 977 992 illegibiles,
993 921 1157 994 quatenus
1175 920 1309 977 minime
1323 921 1545 983 convenirent
1567 917 1787 979 venderentur

381 1026 417 1082 et
439 1037 498 1099 pro
520 1023 560 1082 iis
582 1022 660 1082 novi
684 1025 717 1080 et
738 1021 881 1080 utiliores
903 1026 1096 1081 emerentur.
1130 1019 1224 1100 Quae
1255 1037 1332 1080 cum
1362 1025 1407 1081 ita
1436 1025 1510 1094 sint,
1541 1025 1575 1083 in
1603 1022 1687 1082 allos
1718 1038 1786 1082 non

383 1123 616 1202 inquirendum
639 1121 701 1184 sed
722 1123 971 1184 assentiendmn
993 1131 1045 1184 est
1065 1125 1254 1186 venerando
1283 1123 1430 1198 Balbino,
1460 1129 1515 1203 qui
1547 1129 1790 1204 »manuscripta

382 1228 510 1306 collegii
536 1224 729 1290 Clementini
751 1228 958 1290 accumulata
985 1245 1062 1290 esse
1085 1245 1128 1290 ex
1151 1229 1355 1289 diversarum
1385 1229 1652 1290 bibliothecarum
1675 1233 1787 1295 arinis.

385 1335 595 1410 potissimum
620 1347 664 1392 ex
685 1333 904 1393 universitatis
926 1329 1097 1394 Camlirrae
1130 1333 1343 1394 bibliotheca«
1375 1327 1599 1410 asseverat¹')
1641 1331 1684 1394 Et
1714 1349 1788 1411 pro

390 1435 477 1498 fecto
499 1439 625 1496 iustum
649 1439 813 1496 minamm
835 1451 957 1497 nornen
980 1439 1137 1514 imposuit
1157 1437 1298 1515 reliquiis
1321 1439 1444 1514 pristini
1466 1440 1612 1514 inprimis
1634 1437 1787 1498 codicum

385 1541 541 1613 thesauri,
576 1555 661 1616 quas
694 1537 838 1602 Jesuitae
874 1537 1067 1601 Clementini
1101 1558 1132 1601 a.
1169 1539 1251 1601 1622
1273 1557 1295 1600 a
1316 1540 1494 1619 collegiatis
1525 1547 1721 1618 acceperant
1752 1545 1786 1600 et

382 1647 539 1705 societate
577 1643 698 1706 abolita
719 1659 750 1706 a
777 1641 860 1705 1773
897 1643 1111 1706 bibliothecae
1149 1649 1281 1706 nostrae
1316 1643 1524 1704 tradiderunt
1568 1641 1787 1706 Tradidenrnt

383 1753 495 1810 autem
531 1745 629 1808 nobis
665 1749 800 1824 insuper
834 1746 968 1808 codices
1004 1748 1136 1810 aliunde
1169 1754 1391 1827 comparatos,
1413 1751 1446 1809 in
1469 1749 1521 1808 his
1555 1752 1728 1826 praecipue
1750 1763 1780 1810 a

385 1848 599 1912 1556-1560
620 1867 663 1912 ex
699 1849 831 1914 deserto
868 1847 1127 1912 Caelestinorum
1161 1856 1361 1913 monasterio
1394 1847 1609 1930 ojunensrff)
1640 1852 1779 1918 ablatos,

379 1958 456 2016 item
481 1955 657 2017 nonnullos
679 1959 762 2030 (non
783 1972 913 2030 omnes,
942 1954 983 2017 cf.
1007 1954 1144 2016 Hanslik
1167 1958 1187 2017 l.
1210 1973 1239 2018 c.
1270 1955 1337 2028 69),
1371 1971 1457 2035 quos
1490 1959 1571 2018 socii
1606 1959 1667 2033 ipsi
1700 1971 1779 2015 con·

379 2063 588 2137 scripserant

484 2179 548 2260 Qui
570 2180 707 2242 codices
729 2175 901 2254 omnes¹⁹).
925 2197 1011 2259 quos
1033 2197 1074 2241 ex
1090 2178 1125 2242 S.
1147 2179 1175 2241 J.
1191 2181 1329 2258 collegio
1352 2177 1556 2243 Clementino
1578 2184 1778 2259 accepimus.

381 2287 551 2363 perscripti
574 2287 709 2346 suntin
731 2285 847 2345 codice
868 2288 1008 2362 catalogi
1029 2289 1132 2345 nostri
1158 2283 1241 2346 1685
1263 2286 1327 2345 sub
1350 2287 1457 2346 titulo:
1495 2281 1656 2346 »Codices
1678 2301 1779 2345 manu

381 2391 491 2465 scripti
528 2391 561 2450 in
583 2404 612 2448 c.
635 2405 661 2450 r.
684 2389 880 2449 bibliotheca
917 2388 1039 2466 Pragae
1076 2389 1119 2448 ad
1149 2406 1176 2450 s,
1207 2387 1410 2451 Clementem
1447 2395 1627 2451 exstantes.
1666 2387 1777 2450 risa«

380 2489 465 2553 Huic
487 2495 688 2570 inscriptioni
710 2491 739 2556 J.
761 2487 889 2566 liunus,
923 2493 1137 2553 bibliothecae
1159 2501 1292 2554 nostrae
1314 2495 1391 2554 olim
1414 2493 1609 2571 praefectus
1642 2509 1780 2553 cerussa

379 2595 521 2657 addidit:
571 2593 681 2656 ·Nach
711 2596 890 2656 ilbemame
916 2595 975 2656 der
1004 2595 1182 2658 bibliothelr
1214 2613 1291 2658 vom
1321 2595 1575 2675 Jesuitencolleg
1602 2601 1661 2657 mit
1692 2598 1779 2657 alten

379 2703 601 2778 signatorem,
635 2700 725 2779 quod
747 2699 1005 2762 additamentum
1029 2701 1218 2778 ambiguum
1248 2707 1309 2762 est.
1353 2699 1437 2762 Nam
1467 2705 1664 2779 signaturae.
1694 2715 1779 2778 quas

378 2803 432 2864 lrlc
454 2806 625 2882 catalogus
646 2803 787 2872 exhibet
821 2819 888 2863 non
911 2821 932 2862 a
953 2804 1119 2864 veteribus
1153 2801 1187 2865 S.
1209 2802 1237 2864 J.
1272 2805 1417 2882 patribus
1448 2809 1604 2883 originem
1638 2803 1778 2874 trahunt,

379 2907 441 2968 sed
463 2907 688 2969 attribuendae
712 2913 790 2968 sunt
811 2906 942 2967 cuidam
966 2906 1106 2980 officiali,
1141 2912 1197 2987 qui
1227 2908 1361 2969 codices
1393 2906 1617 2970 clementinos
1650 2914 1778 2987 posta.

384 3009 468 3072 1770
488 3011 692 3073 ordinandos
714 3016 748 3071 et
769 3010 1006 3072 describendos
1029 3016 1186 3089 suscepit
1217 3011 1289 3073 lloc
1312 3013 1479 3074 declarant
1507 3017 1694 3090 signaturae
1723 3027 1778 3072 co-
1899 3073 1903 3082 ,

379 3114 490 3175 dicum
514 3119 548 3176 in
571 3116 659 3176 libris
682 3115 915 3176 vetustioribus
944 3123 1155 3176 occurrentes
1188 3120 1254 3190 (era
1284 3133 1331 3194 gr.
1354 3121 1387 3178 in
1410 3115 1553 3178 Dobnerl
1587 3113 1677 3176 llon.
1699 3113 1726 3176 ll
1748 3132 1777 3174 a.

383 3217 466 3280 1768
488 3237 520 3297 p.
543 3217 604 3290 61;
627 3223 660 3280 in
682 3217 801 3298 Voigtii
824 3219 916 3280 Actis
939 3220 982 3279 lit
1005 3217 1018 3280 l
1040 3236 1070 3278 a.
1097 3219 1179 3280 1775
1202 3237 1233 3298 p.
1256 3218 1343 3298 230),
1379 3237 1465 3300 quae
1494 3237 1570 3282 cum
1603 3222 1779 3296 signaturis

378 3323 518 3401 catalogi
540 3339 569 3384 a.
597 3322 675 3384 1781
701 3327 876 3400 conscripti
899 3327 1034 3384 omnino
1056 3323 1252 3402 discrepant
1297 3323 1382 3388 Cum
1413 3331 1523 3385 autem
1553 3329 1587 3386 in
1617 3323 1665 3387 lll.
1689 3331 1779 3402 parte

381 3423 418 3486 B.
441 3424 566 3487 Balbini
599 3425 681 3488 Boh.
715 3427 833 3488 doctae
854 3444 876 3486 a
897 3423 935 3489 C.
958 3423 994 3488 it
1017 3423 1132 3506 Unger
1152 3445 1182 3489 a.
1210 3427 1294 3491 1780
1325 3429 1432 3490 editae
1465 3436 1638 3490 occurrant
1670 3433 1780 3506 signa·

379 3533 471 3589 turae
494 3546 571 3591 cum
594 3531 659 3592 hoc
681 3532 831 3608 catalogo
854 3546 990 3608 prorsus
1005 3538 1235 3609 congruentes,
1251 3533 1386 3593 easdem
1404 3533 1574 3594 codicibus
1595 3531 1779 3610 adscriptas

378 3649 457 3693 esse
480 3651 511 3695 a.
538 3633 753 3696 1770-1780
773 3635 862 3695 haud
885 3638 1031 3712 ineptum
1054 3641 1106 3695 est
1128 3635 1286 3714 colligere.
1310 3634 1405 3715 Quas
1426 3635 1645 3714 adscripsisse
1668 3641 1701 3695 et
1723 3651 1780 3695 co-

488 3819 527 3896 17)
548 3827 583 3888 B.
605 3827 722 3886 Balbini
742 3829 818 3887 Bolr.
851 3829 941 3885 docta
962 3829 1008 3886 ed.
1032 3827 1134 3898 Ungar
1154 3827 1203 3896 111,
1238 3829 1290 3886 70.
1335 3826 1422 3900 Quod
1444 3843 1513 3884 vero
1545 3843 1659 3900 paucos
1687 3829 1780 3885 libros

381 3922 453 3971 tunc
476 3917 507 3972 in
530 3914 669 3974 Carolino
691 3915 871 3990 superfuisse
894 3915 965 3972 dicit
987 3915 1108 3982 (ibidem
1132 3915 1197 3986 73),
1221 3931 1281 3974 non
1304 3918 1342 3970 ad
1365 3916 1487 3972 verbum
1508 3917 1595 3974 debet
1616 3917 1720 3986 accipi

488 4009 527 4088 ¹⁸)
549 4017 680 4091 Quorum
703 4021 909 4091 inscriptiones
935 4033 991 4075 »ex
1006 4017 1122 4088 Owyn«
1147 4025 1315 4090 supersunt,
1329 4019 1413 4076 latini
1435 4025 1507 4076 sunt
1529 4019 1570 4076 24
1585 4018 1638 4090 (cf.
1654 4019 1780 4076 indicem

379 4105 481 4174 infra).
525 4105 695 4177 Nuperrime
716 4107 762 4162 vir
783 4107 1017 4164 humanissimus
1039 4103 1081 4162 bl.
1104 4103 1140 4162 0.
1163 4104 1292 4178 Sauppe,
1325 4105 1473 4178 parochus
1502 4103 1780 4174 Lr‘rclrendorlensis,

380 4194 456 4247 duas
478 4192 620 4248 librorum
641 4193 758 4248 tabulas
781 4193 903 4248 comiter
924 4207 1039 4248 mecum
1061 4193 1299 4260 communicavit,
1329 4207 1405 4264 quos
1427 4208 1455 4248 a
1483 4192 1564 4248 1556
1587 4189 1618 4248 P.
1641 4191 1781 4250 Canisius

382 4293 420 4334 ex
445 4281 623 4334 monasterio
645 4277 797 4348 OJ'vinensi
820 4277 942 4350 Pragarn
972 4282 1138 4336 devexerat.
1182 4277 1261 4334 Libri
1290 4279 1322 4336 in
1350 4279 1388 4335 lis
1410 4279 1520 4335 tabulis
1550 4279 1681 4335 denotati
1711 4285 1781 4335 sunt

379 4365 494 4422 circiter
517 4365 589 4432 280,
611 4369 663 4421 sed
686 4373 746 4421 tarn
768 4365 961 4437 indilegenter
980 4374 1010 4422 et
1031 4363 1128 4436 inepte
1149 4363 1297 4436 descripti,
1319 4371 1353 4420 ut
1374 4379 1412 4420 ne
1433 4381 1524 4421 unum
1547 4369 1666 4438 quidem
1685 4381 1723 4421 ex
1739 4365 1780 4421 24

380 4453 490 4510 nostris
518 4453 672 4510 codicibus
701 4453 743 4509 ibi
772 4453 950 4524 agnoverim.
994 4451 1037 4507 De
1059 4453 1145 4506 tertie
1172 4451 1312 4508 librorum
1335 4467 1373 4508 ex
1393 4449 1501 4522 Ojvino
1529 4457 1660 4520 vectrrra,
1691 4467 1781 4524 quam

380 4554 407 4596 a.
436 4537 516 4596 1560
539 4538 569 4596 Ρ.
586 4537 737 4596 Hurtadus
759 4539 845 4596 Perea
867 4539 1035 4610 perfecerat,
1059 4553 1155 4610 neque
1177 4537 1296 4611 Sauppe
1310 4538 1472 4611 quidquam
1490 4541 1710 4612 accepitneque
1724 4553 1780 4609 ego

382 4623 474 4684 didici
495 4633 609 4698 praeter
629 4626 671 4696 id,
693 4629 773 4698 quod
795 4624 923 4682 Hanslik
945 4625 1029 4682 refert
1051 4625 1083 4694 (l.
1107 4641 1134 4682 c.
1158 4625 1224 4694 44).

491 4719 528 4804 ¹⁹)
549 4727 627 4786 Data
648 4731 807 4788 occasione
827 4731 875 4788 hic
898 4731 1185 4788 commemorandam
1216 4744 1284 4786 esse
1305 4737 1378 4802 puto
1401 4729 1504 4786 seriem
1528 4730 1664 4790 codicum
1686 4729 1782 4786 bisto-

382 4817 509 4870 ricorum
542 4815 737 4872 bibliothecae
760 4815 970 4886 clementinae,
1004 4831 1094 4888 quam
1116 4816 1298 4872 clarissimus
1320 4819 1365 4872 vir
1385 4813 1417 4872 F.
1440 4813 1483 4872 M.
1505 4813 1599 4870 Pelael
1621 4817 1701 4887 operi
1723 4829 1781 4870 suo

384 4899 609 4972 ›Kurzgefasste
631 4901 739 4962 Gesctr
769 4906 800 4960 d.
822 4901 973 4959 Bbhmem
999 4901 1022 4970 1,
1053 4901 1126 4973 Prag
1152 4901 1234 4962 1774
1255 4919 1284 4974 p.
1309 4902 1372 4960 654
1402 4903 1518 4958 adiecit
1562 4900 1596 4958 ln
1617 4918 1677 4975 qua
1706 4903 1781 4958 serie

381 4991 519 5059 perpauci
548 4991 667 5045 codices
701 4997 771 5045 sunt
803 4989 963 5060 signaturis
996 4997 1139 5051 carentes,
1173 4997 1302 5046 attamen
1336 4988 1480 5058 nonnulli,
1513 4991 1564 5062 qui
1593 5004 1674 5046 nunc
1702 4989 1783 5045 desi-

381 5075 529 5134 derantur.
