3844 5968
1015 574 1078 635 228

340 779 515 842 Tractatus
539 781 579 841 de
605 782 764 858 pulsibus.
810 782 831 843 i.
860 781 937 842 106ι
964 781 1118 860 »Explicit
1153 783 1192 842 de
1228 785 1401 844 universali
1437 787 1552 844 virtute
1589 783 1746 860 simplicis

343 867 530 928 medicine«
561 867 691 946 »lncipit
714 874 868 929 tractatus
892 870 932 930 de
957 870 1173 930 vulneribus«
1221 869 1437 930 l.109--132
1484 869 1593 930 Series
1616 871 1747 930 morbo-

341 971 412 1013 rum
437 971 512 1014 cum
537 959 607 1015 suis
631 955 889 1016 medicamentis.

445 1045 480 1102 A.
510 1045 590 1100 1609
615 1047 709 1100 codex
731 1053 792 1100 erat
816 1045 886 1102 bibl.
917 1044 1160 1116 Rosenbergicae,
1196 1047 1300 1101 deinde
1334 1046 1505 1101 monasterii
1536 1045 1747 1102 l'lebonensis.

446 1209 528 1292 228
964 1213 992 1287 I.
1020 1213 1063 1288 Ε.
1092 1214 1154 1286 43.

341 1351 450 1413 chart.
474 1354 504 1413 ct
526 1352 717 1414 membran.
740 1370 827 1414 saec.
851 1352 920 1414 XV
927 1353 974 1435 ff.
997 1352 1064 1415 385
1083 1371 1188 1426 num„
1210 1351 1355 1414 22)(15
1375 1370 1438 1415 cm.
1462 1354 1495 1416 d.
1513 1373 1557 1416 m.
1581 1351 1751 1431 Infroale,

339 1440 451 1518 super.
475 1439 624 1518 operculi
646 1440 789 1519 legitur:
811 1437 976 1516 „Postilla
990 1438 1128 1518 fratris
1154 1437 1291 1500 Matic.“

444 1557 506 1621 Hic
540 1561 647 1623 codex
681 1560 847 1623 evidenter
880 1578 900 1620 a
934 1563 1006 1622 solo
1040 1562 1171 1640 ligatore
1209 1567 1330 1621 temere
1353 1563 1620 1640 conglomeratus
1644 1565 1746 1622 conti·

340 1653 395 1707 net
417 1651 589 1726 praecipue
612 1649 815 1709 diversorum
839 1647 971 1711 diversi
993 1651 1063 1708 aevi
1087 1653 1256 1708 auctorum
1280 1647 1479 1722 Sermones,
1513 1663 1654 1726 quorum
1678 1664 1746 1708 ma-

340 1737 428 1794 xima
451 1750 527 1811 pars
551 1739 710 1812 permixto
734 1739 859 1813 passim
882 1741 973 1796 textu
996 1737 1094 1795 latino
1117 1749 1193 1794 curn
1206 1734 1379 1796 bohemico
1403 1728 1551 1808 (xtzani
1570 1733 1747 1796 latinslro·

340 1813 462 1898 ceslrd)
486 1821 696 1882 solummodo
720 1838 803 1899 quae
828 1821 978 1882 dicuntur
1001 1821 1207 1882 Prothemata
1246 1826 1333 1894 sunt,
1368 1826 1493 1883 incuria
1515 1827 1548 1882 et
1570 1829 1745 1882 auctorum

339 1913 371 1966 et
395 1907 574 1967 scribarum
605 1925 682 1968 vera
715 1913 863 1968 monstra
897 1911 1157 1985 manuscriptica.
1204 1905 1307 1968 Cuius
1331 1910 1532 1970 collectionis
1568 1909 1745 1987 particulae

339 1997 444 2070 magis
467 1999 667 2072 conspicuae
691 1994 752 2054 hae
776 2001 869 2054 sunt:

447 2078 468 2140 1.
498 2079 634 2141 11-10Ι
658 2080 828 2158 Expositio
851 2081 1014 2159 quaedam
1038 2081 1178 2158 symboli
1203 2083 1291 2141 initio
1315 2081 1436 2141 mutila.

447 2165 468 2227 l.
496 2165 573 2228 183·
595 2165 654 2228 »Et
670 2171 716 2228 sic
741 2175 791 2229 est
813 2167 888 2228 finis
912 2171 1004 2245 primi
1027 2168 1156 2245 capituli
1180 2165 1287 2232 Ysaie.
1312 2167 1401 2245 quod
1426 2166 1747 2246 predicavitrevmr

338 2268 426 2329 mag.
450 2251 640 2315 Mauricius
661 2269 759 2316 sacre
789 2253 964 2331 theologie
993 2253 1175 2330 professor
1208 2253 1244 2314 in
1277 2252 1389 2332 Praga
1422 2255 1464 2314 ad
1500 2252 1533 2314 S.
1569 2252 1743 2315 Crucem«.

338 2339 418 2406 (Sed
442 2344 513 2400 eius
538 2345 701 2402 sermonis
726 2341 833 2400 solum
857 2340 1077 2418 fragmentum
1106 2343 1281 2418 superest).

447 2424 467 2485 l.
491 2423 697 2487 3562,371a
721 2426 799 2487 Pars
823 2426 1074 2487 membranacea
1096 2443 1285 2488 sermonum
1310 2433 1444 2487 exarata
1467 2430 1534 2487 init.
1552 2443 1640 2486 saec.
1658 2423 1743 2485 XIV.

442 2531 481 2588 Ut
504 2539 574 2588 nota
595 2536 626 2589 in
650 2535 788 2605 operculo
811 2549 908 2606 super.
932 2536 1125 2601 domonstrat,
1161 2535 1254 2589 codex
1287 2535 1413 2604 primum
1438 2533 1608 2589 monasterii
1633 2531 1746 2588 T‘rebo—

339 2621 451 2689 nensis,
474 2619 543 2675 dein
565 2621 636 2676 bibl.
660 2620 902 2690 Rosenbergicae,
927 2626 1074 2692 postremo
1097 2623 1200 2676 iterum
1225 2623 1394 2676 monasterii
1417 2620 1540 2692 praelati
1563 2619 1626 2676 tuit.

444 2805 524 2888 229
954 2805 983 2881 I.
1011 2807 1053 2882 E.
1081 2805 1142 2880 44.

337 2943 447 3007 chart.
470 2963 504 3008 a.
528 2945 616 3008 1435
623 2946 671 3028 ff.
696 2946 771 3021 223,
793 2947 833 3008 21
847 2945 935 3008 ><14
962 2964 1025 3008 cm.
1048 2947 1067 3007 I
1091 2964 1136 3006 m.

451 3066 762 3130 »Orationarium‹.
787 3067 1029 3140 (lleditationes
1054 3067 1094 3127 de
1117 3071 1183 3128 vita
1206 3065 1326 3128 Christi
1350 3083 1425 3126 cum
1450 3067 1677 3140 orationibus).

446 3154 467 3216 1.
497 3157 528 3214 1⁸
551 3159 679 3227 (initium
703 3160 817 3228 deest:)
843 3157 1009 3214 »intimare
1041 3154 1173 3214 curabo.
1219 3151 1340 3214 Verum
1365 3157 1442 3231 qula
1475 3154 1576 3214 leccio
1605 3157 1743 3214 sanctis-

337 3246 420 3302 sime
443 3247 507 3302 vite
531 3245 602 3301 eius
626 3245 657 3301 in
682 3242 877 3319 evangeliis«
898 3289 903 3299 .
924 3295 927 3302 .
948 3288 955 3300 .
980 3240 1000 3301 1.
1025 3240 1106 3300 223·
1133 3239 1291 3318 »Explicit
1306 3243 1544 3300 oracionarium
1567 3244 1600 3300 in
1623 3245 1691 3301 vita
1711 3241 1743 3300 d.

339 3347 370 3388 n.
395 3327 474 3388 lesu
497 3325 616 3390 Christi
641 3328 704 3388 sub
727 3345 756 3388 a.
781 3327 812 3388 d.
838 3325 921 3388 1435
945 3326 1000 3388 ier.
1026 3325 1050 3387 ll
1074 3331 1222 3405 proxima
1245 3333 1321 3404 post
1343 3324 1509 3387 Trinitatis
1545 3331 1577 3387 in
1609 3325 1739 3406 Onyn·

339 3418 553 3487 <monasterio
577 3412 771 3492 Ojbinensl).

443 3503 596 3575 Operculls
620 3504 748 3572 adligata
771 3511 840 3558 sunt
864 3505 881 3558 3
907 3503 936 3559 il.
961 3505 1130 3568 membran,
1164 3502 1193 3557 in
1217 3502 1324 3574 quibus
1348 3509 1506 3557 occurrunt
1533 3508 1621 3556 notae
1645 3503 1743 3557 calen-

340 3592 579 3661 dariographicae
603 3591 776 3660 incipientes
793 3591 830 3644 ab
853 3605 879 3645 a.
907 3590 998 3647 1455.
1023 3589 1201 3645 Intrinsecus
1226 3591 1355 3660 operculi
1380 3588 1461 3646 inser.
1485 3589 1559 3644 haec
1579 3595 1743 3643 1101111111-

339 3684 437 3733 mento
461 3678 553 3734 oblita
576 3682 704 3732 attamen
728 3677 897 3748 perspicua:
927 3676 1026 3731 »Liber
1049 3675 1252 3731 oracionarius
1274 3675 1394 3730 Martini
1426 3676 1462 3730 de
1496 3673 1639 3730 Trziebon
1675 3683 1743 3746 post

339 3769 460 3820 mortem
491 3763 630 3833 religioso
661 3764 723 3818 viro
754 3765 782 3817 d.
814 3761 936 3818 Nicolao
967 3763 1055 3834 priori
1087 3763 1197 3818 ordinis
1228 3779 1253 3818 s.
1286 3764 1361 3831 Aug.
1388 3765 1416 3816 in
1441 3761 1584 3817 Traiebon
1608 3761 1739 3830 legatur«

336 3858 393 3906 etc.
417 3857 473 3908 etc.
497 3850 533 3904 Α.
562 3850 642 3905 1669
667 3852 760 3906 codex
784 3850 854 3906 bibl.
878 3849 1120 3918 Rosenbergicae,
1145 3851 1212 3904 dein
1235 3851 1338 3903 iterum
1365 3865 1444 3906 mon.
1469 3847 1594 3905 Tiebon.
1620 3849 1683 3904 11111.

443 4035 526 4116 236
956 4033 986 4110 I.
1013 4034 1056 4109 E.
1084 4033 1145 4109 45.

337 4178 447 4238 chart.
470 4193 557 4238 saec.
581 4171 703 4257 XVffi
726 4174 802 4249 264,
822 4175 866 4236 22
879 4177 910 4233 ><
926 4175 1001 4236 1511
1019 4191 1082 4236 cm.
1105 4175 1124 4236 1
1149 4192 1194 4236 m.

443 4297 476 4356 ln
499 4300 549 4357 iol.
575 4317 634 4356 non
658 4314 770 4356 numer.
794 4300 943 4372 praecedit
968 4299 1150 4369 »Registrum
1180 4299 1371 4370 epistolarum
1395 4307 1422 4354 et
1446 4300 1676 4370 ewangeliorum
1703 4303 1738 4355 de

337 4389 450 4444 sanctis
473 4403 523 4458 per
546 4387 688 4443 circulum
712 4386 800 4442 anni«
828 4387 885 4442 alia
909 4403 997 4442 manu
1021 4393 1181 4442 exaratum.

336 4487 426 4566 Mag.
448 4487 621 4550 Johannis
642 4487 718 4548 Hus
742 4485 886 4549 Postilla
909 4503 1016 4564 super
1038 4484 1229 4559 euangelia
1264 4491 1299 4546 et
1322 4476 1490 4563 epistolas
1527 4487 1569 4546 de
1604 4487 1739 4549 sanctis

684 4592 764 4635 cum
786 4573 916 4652 glossis
939 4573 1074 4634 bohem.
1100 4571 1392 4634 interlinearibus¹

443 4675 462 4739 l.
492 4679 502 4738 l
534 4675 624 4738 »Non
648 4683 699 4739 est
722 4679 794 4738 talis
818 4679 931 4738 mulier
961 4693 1062 4754 supra
1085 4682 1219 4737 terram«
1249 4677 1279 4730 ><
1311 4674 1438 4735 1256·
1470 4679 1521 4743 (ad
1557 4680 1670 4734 calcem
1694 4697 1743 4734 ru-

338 4769 450 4836 1111111)
477 4763 633 4843 »Explicit
656 4767 784 4843 postilla
807 4767 951 4842 magistri
987 4762 1058 4822 llus
1093 4778 1193 4840 super
1221 4763 1402 4840 euangelia
1436 4766 1468 4821 et
1506 4764 1665 4839 epistolas
1700 4763 1740 4822 de

339 4855 481 4911 sanctis«
518 4849 658 4924 (Nomen
682 4855 825 4912 auctoris
848 4865 979 4911 erasum
1003 4849 1063 4908 sed
1087 4863 1297 4926 nequaquam
1320 4851 1456 4908 omnino
1490 4849 1634 4908 deletum
1666 4854 1742 4921 est).

447 4936 467 4998 i.
492 4937 663 4998 258-264
686 4936 802 4998 Sermo
825 4938 866 4997 de
891 4953 936 4996 ss.
962 4935 1054 4996 Petro
1077 4941 1109 4995 et
1132 4933 1231 4994 Paulo
1253 4937 1300 5008 (in
1323 4933 1390 4994 fine
1404 4939 1545 5013 graviter
1570 4937 1741 5013 reprehen-

337 5023 422 5085 ‹lens
446 5039 565 5102 papam
588 5029 620 5085 et
642 5025 786 5094 clerum).
823 5023 882 5083 »Et
904 5027 951 5082 sic
975 5027 1026 5082 est
1049 5020 1124 5082 linis
1147 5021 1246 5081 buius
1270 5024 1519 5098 prestantissimi
1545 5027 1739 5083 sermonis«

1022 5243 1057 5294 66
