3844 5968
797 545 860 605 293

231 752 252 814 1.
276 748 459 814 621--1288
482 750 638 831 (anepigr)
660 751 794 814 Alberti
817 749 935 829 Magni
969 751 1011 830 (1)
1035 750 1141 813 Liber
1161 767 1279 812 rerum
1303 753 1526 814 naturalium.

130 837 197 898 »De
222 845 348 917 septem
372 838 560 917 regionibus
583 855 692 900 sermo
715 840 886 917 generalis,
922 837 963 899 Et
986 841 1090 916 primo
1114 838 1289 899 dicendum
1314 845 1365 899 est
1388 840 1429 899 de
1453 857 1527 919 sep·

126 930 191 985 tem
216 926 402 1003 regionibus
425 929 526 986 atris«
555 927 587 983 Χ
612 930 664 986 »et
685 925 749 986 hoc
773 926 944 1003 probatum
968 924 1027 984 luit
1051 942 1093 986 ex
1116 925 1271 985 mandato
1295 925 1445 986 Friderici
1470 931 1528 987 irn-

127 1017 284 1090 peratoris
307 1016 435 1073 nunciis
458 1017 490 1072 in
513 1014 577 1073 boc
601 1012 730 1073 directis
754 1018 815 1073 etc.
840 1015 1001 1089 presentis
1032 1012 1169 1072 Amen«
1217 1010 1280 1085 (De
1315 1019 1448 1074 auctore
1484 1013 1524 1073 cl.

127 1097 267 1177 Czemy,
293 1097 362 1161 Cat.
386 1099 458 1160 cod.
484 1098 621 1160 Florian.
645 1117 676 1178 p.
700 1098 790 1172 217.)

231 1201 251 1263 1.
281 1200 481 1264 1291-1328
505 1203 608 1264 Index
631 1207 738 1281 operis
763 1201 997 1280 praecedentis

231 1326 264 1382 In
286 1327 306 1387 1.
333 1327 406 1383 132·
428 1327 501 1382 haec
524 1333 595 1382 nota
618 1328 748 1383 occurit:
783 1325 888 1381 »Liber
911 1326 1079 1381 monasterii
1104 1327 1210 1380 domus
1233 1341 1257 1385 s.
1282 1325 1376 1396 Egidii
1401 1329 1523 1382 canoni·

126 1429 229 1468 carum
252 1415 426 1484 regularium
448 1415 479 1469 in
502 1413 654 1484 Trzyebon
678 1415 765 1468 datus
787 1429 838 1483 per
861 1414 940 1467 dom.
964 1411 1174 1467 Wenceslaum
1198 1415 1349 1482 quondam
1364 1413 1522 1484 plebanum

125 1501 155 1555 in
190 1499 332 1556 Lcmnicz
367 1516 447 1556 nunc
481 1507 579 1556 autem
614 1502 791 1555 canonicum
814 1499 1004 1570 regularem«
1030 1499 1066 1558 A.
1094 1499 1174 1554 1609
1199 1501 1294 1554 codex
1320 1500 1389 1559 bibl.
1412 1499 1525 1556 Rosen-

130 1588 494 1656 bergicae,deinite1um
518 1587 688 1642 monasterii
712 1585 911 1642 Tiebonensis
935 1585 998 1646 luit.

232 1771 311 1853 292
746 1771 778 1848 I.
805 1771 851 1846 G.
879 1771 942 1847 16.

127 1913 237 1974 chart.
260 1931 348 1976 saec.
370 1909 440 1974 XV
460 1915 507 1986 (a.
529 1911 616 1975 1458
638 1916 668 1974 et
688 1911 751 1992 sq.)
767 1911 807 1993 ff
831 1911 907 1986 340,
928 1911 1016 1972 22><
1032 1911 1074 1972 15
1093 1929 1157 1973 cm.
1180 1911 1212 1972 d.
1236 1929 1281 1973 m.

232 2034 253 2094 l.
281 2033 400 2096 l-l2¹
431 2039 585 2109 (anepigr,
620 2055 687 2094 cum
706 2037 820 2094 initium
852 2037 940 2106 desit)
980 2031 1138 2111 Epistola
1173 2034 1254 2095 data
1296 2034 1528 2111 praedicatori

125 2120 293 2199 Pragensi
316 2122 357 2183 de
380 2119 617 2183 inobedientia
639 2126 674 2182 et
696 2119 940 2183 communione
964 2120 1029 2181 sub
1052 2124 1199 2197 utraque
1230 2121 1359 2198 (eadem
1383 2127 1480 2201 atque
1503 2121 1526 2183 1.

126 2205 160 2268 B.
192 2207 273 2269 161.
298 2207 349 2282 81,
374 2207 461 2269 291.
489 2210 536 2282 11,
560 2206 600 2270 G.
628 2207 709 2270 141.
738 2208 821 2282 135).
850 2205 969 2268 »Finivi
993 2205 1049 2270 ier.
1072 2206 1098 2268 ll
1114 2211 1189 2268 ante
1205 2207 1380 2285 Augustini
1397 2225 1426 2269 a.
1444 2205 1529 2269 1458

127 2299 158 2354 in
182 2293 503 2356 erichskirichen.‹

232 2399 254 2458 1.
282 2395 439 2461 lbi-16b
463 2396 566 2460 Notae
589 2402 697 2458 variae
722 2398 934 2474 theologicae.

233 2501 254 2562 1.
282 2502 439 2563 171-33ι
463 2502 651 2565 Sermones
674 2499 814 2564 diversi.
860 2500 1002 2574 (Passim
1037 2507 1211 2562 occurrunt
1234 2501 1379 2563 rubricae
1403 2520 1530 2581 germa-

127 2593 308 2750 qieqqeanqx).
325 2608 371 2667 gr.
388 2594 419 2650 ln
436 2589 457 2650 1.
481 2585 556 2650 25¹³:
584 2586 631 2649 »O
656 2588 711 2648 dw
733 2588 967 2665 vngelaubiger
989 2592 1109 2660 teman,
1134 2603 1202 2648 nun
1227 2589 1317 2649 slech
1334 2593 1420 2650 mein
1436 2606 1532 2650 wun-

234 2777 255 2842 1.
279 2775 441 2840 331’-38b
467 2777 519 2842 ›S.
542 2777 731 2856 Augustini
754 2778 941 2856 Speculum
963 2777 1107 2840 mortis‹
1135 2777 1254 2857 (vulgo
1285 2778 1416 2841 dictum
1449 2779 1531 2857 Spe-

128 2865 247 2926 culum
273 2864 496 2943 peccatoris).

233 2967 255 3029 l.
278 2965 440 3030 39⁸—50l'
463 2969 652 3031 Sermones
685 2969 816 3031 diversi
838 2972 991 3049 (quorum
1022 2973 1126 3048 primo
1156 2970 1342 3048 adscriptus
1366 2988 1394 3031 a.
1422 2966 1531 3049 1458).

128 3159 147 3220 3
214 3074 254 3220 tl.
278 3073 441 3134 511-62ι
463 3072 645 3135 Tractatus
668 3073 710 3134 de
734 3073 958 3152 poenitentia.
985 3072 1094 3153 >Quot
1116 3077 1357 3135 sentenciarum
1387 3070 1444 3136 lV⁰
1468 3073 1529 3135 dis.

152 3185 165 3213 ‹
194 3177 212 3220 e
227 3176 256 3220 c.

234 3263 254 3323 1.
279 3259 463 3324 641-3401
486 3263 675 3326 Sermones
699 3264 741 3325 de
762 3268 921 3342 tempore
945 3265 1044 3325 etde
1068 3263 1211 3326 sanctis.
1245 3262 1313 3324 »De
1337 3280 1364 3324 s.
1389 3261 1531 3324 Martino

129 3367 169 3411 ex
193 3349 380 3412 Contracto¹
406 3350 568 3411 Levemus
592 3351 692 3411 corda
714 3357 845 3412 nostra«
872 3352 905 3410 ><
931 3349 1132 3412 »dummodo
1164 3368 1226 3411 sua
1256 3351 1429 3411 mendacia
1452 3365 1528 3412 con-

129 3437 293 3498 firmatur«
320 3443 380 3498 etc.
404 3437 493 3511 (finis
516 3437 633 3512 deest).

234 3542 267 3599 ln
290 3543 310 3604 1.
336 3544 397 3599 325
422 3551 449 3599 et
472 3544 530 3599 alio
553 3544 603 3604 iol.
643 3544 762 3604 membr.
798 3545 936 3615 operculo
971 3543 1050 3604 infer.
1086 3544 1215 3615 adligato
1250 3546 1376 3600 occurrit
1410 3545 1530 3613 quidam

133 3629 320 3702 »Stephanus
343 3629 489 3701 Schyessz
513 3637 686 3701 cooperator
709 3631 738 3685 in
761 3629 956 3686 leterstorff«
981 3646 1138 3702 possessor
1161 3631 1273 3686 codicis
1305 3647 1331 3690 a.
1360 3630 1451 3689 1480.
1496 3628 1530 3684 1η

129 3719 268 3788 operculo
292 3717 373 3777 inier.
398 3734 416 3772 a
437 3717 586 3773 vermibus
608 3717 694 3772 valde
717 3731 837 3772 corroso
861 3722 947 3772 vacat
970 3718 1097 3786 loculus,
1122 3733 1180 3788 quo
1203 3720 1301 3787 imago
1318 3717 1463 3790 quaedam
1485 3715 1530 3771 vel

130 3805 268 3876 reliquiae
292 3809 386 3864 sanct.
410 3805 559 3875 quondam
583 3809 663 3858 erant
686 3804 828 3863 inclusae.

235 3986 316 4068 293
746 3986 775 4061 I.
806 3986 851 4061 G.
879 3987 940 4062 17.

130 4128 323 4190 membran.
345 4145 433 4189 saec.
456 4125 543 4187 XIV
553 4125 599 4208 ff.
623 4127 678 4203 87,
699 4127 842 4190 23><15
864 4145 926 4189 cm.
950 4127 982 4190 d.
1005 4145 1050 4189 m.

235 4249 256 4310 1.
285 4249 368 4311 1-4
390 4247 618 4311 Calendarlum
643 4250 911 4323 ecclesiasticum,
942 4253 1030 4310 initio
1054 4254 1140 4310 etin
1164 4249 1229 4310 line
1262 4266 1426 4310 mancum.
1451 4250 1530 4324 (De-

132 4343 209 4398 sunt
232 4353 366 4398 menses
388 4335 459 4397 Jan.
485 4335 577 4398 Febr.
601 4333 683 4396 Nov.
711 4335 805 4409 Dec.)

236 4440 256 4501 1.
281 4439 389 4501 6-79
410 4439 626 4518 Hymnarius
649 4456 679 4500 s.
701 4439 879 4501 Ambrosii
903 4439 1009 4518 episc.
1039 4439 1324 4503 Mediolanensis.

236 4544 257 4606 1.
281 4543 408 4606 80-87
433 4547 510 4619 (init.
535 4547 631 4616 deest)
665 4543 895 4621 Fragmentum
930 4543 1197 4605 benedictionalis
1232 4550 1264 4604 et
1294 4543 1440 4604 officium
1471 4559 1530 4622 pro

132 4631 295 4692 defunctis
319 4635 351 4692 in
375 4631 440 4692 line
463 4632 621 4692 mutilum.
645 4630 694 4703 (ln
717 4630 739 4690 1.
762 4629 821 4691 80·
845 4633 955 4708 incipit
980 4629 1194 4692 »Benediccio
1218 4631 1389 4703 cuculle«).

237 4737 311 4793 Cum
335 4753 433 4793 mense
457 4737 593 4807 Augusto
618 4737 733 4796 calend.
757 4742 1020 4791 commemorentur
1053 4735 1158 4792 festum
1192 4739 1311 4807 spineae
1346 4751 1472 4792 coronae
1506 4741 1535 4790 et

134 4825 232 4879 obitus
257 4823 410 4880 »Ottakari
434 4829 510 4894 regis
533 4823 672 4879 Bohemie
705 4822 868 4879 fundatoris
895 4825 1018 4891 nostri«,
1042 4840 1227 4896 nequaquam
1248 4823 1370 4879 dubium
1386 4828 1439 4890 est,
1463 4824 1533 4894 quin

132 4911 205 4966 liber
227 4916 363 4966 exaratus
387 4912 425 4966 sit
448 4925 506 4981 pro
529 4907 726 4966 monasterio
749 4924 775 4971 s,
799 4907 945 4965 Coronae
968 4910 999 4965 in
1022 4909 1171 4979 Bohemie,
1203 4909 1257 4966 etsi
1288 4909 1370 4965 nulla
1392 4909 1423 4964 iit
1446 4909 1533 4964 huius

133 4997 172 5052 rei
196 4999 305 5053 mentio
327 4999 359 5053 in
382 4999 493 5055 codice.
517 4995 549 5058 F.
575 4988 629 5052 ildb
653 5003 681 5051 et
704 4995 759 5052 65·
780 4999 920 5067 rescripta
942 5002 1011 5052 sunt
1034 5011 1062 5057 a.
1090 4997 1182 5057 1600.

176 5201 330 5261 tremuli:
349 5213 403 5258 Cat.
417 5212 474 5256 cod.
492 5213 536 5258 lat.
816 5215 865 5266 129
1381 5213 1395 5257 9
