3844 5968
690 701 693 706 .
822 612 888 675 310

154 820 430 884 diversificantur«
458 823 490 880 ><
516 820 625 883 ›vund
651 823 708 883 thu
732 823 814 882 dasz
837 821 914 883 uilie
938 822 999 900 dyr
1021 826 1093 882 wiri
1116 821 1206 881 basz.
1232 820 1273 882 Et
1295 827 1420 882 tantum
1438 821 1478 881 de
1491 822 1554 883 illo,

154 908 240 987 Mag.
265 909 367 970 Albici
390 915 442 970 etc
465 915 501 970 ut
523 925 640 986 supra«
667 908 816 983 (Videtur
838 925 914 970 esse
931 909 1155 987 apographum
1172 907 1240 968 libri
1256 907 1553 988 impressilipsiae

154 1013 183 1056 a.
212 995 316 1070 1484).

263 1081 284 1142 i.
307 1077 452 1142 libb-67
476 1081 646 1144 Formulae
670 1081 856 1154 medicales,
881 1099 931 1142 ex.
945 1099 990 1160 gr.
1006 1083 1084 1142 salis
1101 1081 1313 1142 sacerdotalis
1337 1095 1423 1158 mag.
1441 1081 1554 1153 Albici,

154 1169 296 1246 pulveris
320 1185 406 1247 mag.
431 1167 598 1247 Stephani.

261 1254 282 1317 i.
306 1253 453 1318 682-70
484 1258 559 1330 (alia
587 1265 694 1313 recent.
725 1258 828 1327 manu)
858 1253 1024 1316 Matthiae
1047 1254 1089 1315 de
1112 1253 1271 1316 Mechow
1303 1253 1555 1314 vicecancellarii

152 1346 298 1402 univers.
323 1340 554 1403 Cracoviensis
576 1340 759 1403 Tractatus
781 1339 1067 1419 praeservativus
1089 1339 1212 1418 pestis.
1241 1339 1410 1402 »Studium
1427 1341 1480 1400 tibi
1498 1338 1556 1401 luit

152 1427 346 1489 assiduum‹
375 1432 406 1485 ><
433 1433 484 1488 »in
508 1427 653 1506 partibus
676 1427 799 1506 frigidis
824 1427 946 1489 bonum
972 1429 1183 1488 resolutivum
1207 1433 1259 1488 est
1280 1426 1449 1505 Tyriaca.‹

262 1517 371 1574 Eadem
395 1533 510 1586 manus,
534 1534 609 1590 quae
632 1523 788 1574 tractatum
810 1517 952 1573 Matthiae
976 1520 1012 1573 dc
1028 1517 1155 1573 Mechov
1177 1517 1319 1587 exaravit,
1343 1516 1427 1572 initio
1443 1517 1555 1572 codicis

153 1605 234 1659 aliud
257 1605 433 1677 opusculum
464 1606 591 1660 scribere
623 1607 728 1675 coepit,
760 1605 845 1659 cuius
869 1621 961 1660 unum
985 1609 1099 1660 tantum
1122 1604 1224 1659 folium
1255 1611 1388 1675 superest
1410 1618 1476 1659 cum
1499 1604 1557 1658 hoc

151 1691 259 1746 titulo:
287 1690 527 1747 »Maximilianus
550 1691 723 1746 Romischer
745 1691 844 1761 Kdnig
866 1693 917 1746 hot
940 1691 1004 1746 disc
1026 1697 1122 1762 recept
1145 1691 1215 1746 hem
1231 1689 1338 1746 Ernsto
1355 1689 1556 1746 Erczbischol'l

154 1793 235 1833 vonn
266 1777 450 1849 Miideburgk
484 1783 588 1848 gesant
617 1793 671 1833 vor
701 1779 741 1848 dy
776 1778 936 1848 pestilencz
969 1793 1020 1848 ym
1044 1775 1124 1832 CXV
1154 1776 1251 1834 lare«.
1284 1777 1353 1833 Post
1376 1779 1432 1833 hoc
1455 1774 1557 1831 folium

153 1880 263 1934 magna
286 1879 353 1936 pars
376 1865 489 1920 codicis
512 1867 603 1920 nostri
626 1864 729 1919 evulsa
752 1869 805 1920 est.

258 2031 344 2114 308
775 2032 805 2108 I.
836 2031 880 2108 G.
907 2032 968 2107 32.

156 2172 266 2233 chart.
290 2189 378 2236 saec.
400 2170 524 2235 XVIII
529 2172 578 2254 ff.
601 2172 653 2247 43,
675 2172 754 2235 195
768 2172 857 2234 ><15
878 2190 940 2234 cm.
964 2172 982 2235 1
1008 2189 1054 2232 m.

270 2293 522 2372 Compendium
554 2293 759 2357 rhetorices.
783 2292 892 2373 (Opus
915 2297 947 2355 in
970 2293 1035 2354 fine
1060 2294 1251 2369 mutilatum,
1276 2295 1327 2354 cui
1350 2294 1412 2354 alia
1438 2308 1558 2352 manus

155 2385 188 2442 in
216 2381 237 2442 1,
261 2380 390 2442 40-43
413 2381 636 2442 additamenta
659 2381 821 2459 quaedam
846 2381 1036 2454 subiunxit).

262 2550 345 2632 3⁰9
777 2551 806 2626 I.
837 2551 881 2626 G.
908 2552 969 2626 33.

158 2691 271 2753 chart.
296 2694 431 2771 autogr.
453 2709 541 2754 saec.
564 2689 690 2755 XVIII
705 2691 743 2774 ff.
767 2691 820 2766 63,
842 2691 882 2754 21
897 2691 985 2753 ><15
1007 2707 1070 2752 cm.

262 2815 419 2887 (anepigr.)
441 2812 622 2875 Tractatus
645 2817 767 2875 contra
787 2811 941 2874 Iudaeos
964 2811 1210 2875 demonstrans
1232 2811 1356 2874 Iesum
1379 2811 1559 2875 Christum

152 2913 280 2960 verum
302 2898 470 2961 Messinm
493 2915 583 2962 esse.

263 2985 327 3059 (Ex
350 2989 517 3064 prooemio
548 2991 636 3064 patet
665 2991 831 3046 auctorem
862 2989 970 3064 operis
1000 2985 1103 3046 tuisse
1135 2985 1300 3065 quendam
1332 2986 1462 3047 tratrem
1486 2986 1558 3049 ord.

151 3077 276 3132 eremit.
301 3089 327 3133 s.
351 3073 524 3150 Augustini
554 3072 710 3145 Viennae,
734 3076 788 3150 qui
805 3077 902 3133 antea
924 3075 956 3133 in
979 3078 1146 3133 conventu
1175 3073 1324 3133 eiusdem
1345 3073 1468 3134 ordinis
1491 3071 1554 3134 Ta-

153 3160 299 3220 boriensi
322 3164 456 3229 vixerat,
480 3176 565 3238 opus
589 3165 698 3220 autem
722 3163 830 3236 ipsum
855 3161 1076 3237 conscriptum
1101 3175 1177 3218 esse
1200 3164 1277 3237 post
1307 3177 1335 3220 a.
1365 3159 1469 3233 1711).

263 3248 349 3304 Liber
370 3265 385 3304 e
409 3257 559 3306 conventu
581 3249 753 3305 Taboriensi
777 3251 814 3304 ad
839 3264 894 3304 nos
917 3248 1090 3319 provenisse
1120 3249 1246 3304 videtur.

259 3415 334 3497 310
772 3415 799 3491 Ι.
830 3415 876 3490 G.
903 3415 964 3490 34.

151 3557 263 3618 chart.
288 3574 321 3617 a.
345 3555 431 3618 1474
441 3556 488 3638 ff.
512 3556 576 3618 140
598 3573 702 3629 num„
724 3554 868 3617 22)(14
890 3573 953 3616 cm.
977 3557 994 3618 1
1020 3571 1064 3616 m.
1089 3573 1167 3617 curn
1188 3555 1211 3616 2
1233 3555 1303 3617 init.
1321 3555 1399 3636 pict.

263 3676 285 3738 t.
313 3675 432 3738 1-602
454 3676 510 3739 Pii
531 3675 560 3738 11
582 3692 691 3755 papae
714 3676 758 3737 ed
780 3675 1028 3754 imperatorem
1050 3675 1241 3738 Turdorum
1264 3676 1423 3754 epistola.
1450 3677 1557 3739 »Finis

151 3781 180 3826 a.
206 3761 325 3842 (tant
347 3763 403 3826 ier.
428 3763 457 3824 V
479 3769 554 3826 ante
577 3762 656 3824 Mar.
681 3761 792 3841 Magd.
816 3780 875 3841 per
895 3762 1129 3825 venceslaum
1152 3762 1194 3825 de
1217 3762 1423 3825 Cruminam«

263 3850 285 3912 t.
309 3850 471 3911 611-928
494 3849 634 3912 Aeneae
657 3848 781 3928 Sylvii,
805 3855 930 3927 postea
951 3849 1007 3911 Pii
1021 3849 1051 3911 11
1065 3865 1186 3929 papae,
1202 3849 1352 3927 epistola
1371 3844 1433 3911 »ad
1448 3849 1558 3913 cardi-

152 3937 272 3999 nalem
293 3937 492 4000 Jobannem
522 3938 565 3999 de
593 3935 749 3999 Carviali
778 3937 821 3998 de
844 3941 940 3999 statu
969 3941 1006 3998 et
1034 3937 1172 4000 haeresi
1201 3943 1318 3998 terrae
1346 3935 1554 4014 Pragensis‹

153 4024 253 4102 (data
276 4041 318 4084 ex
340 4021 436 4085 Nova
466 4023 601 4086 Civitate
625 4023 680 4086 Xll
704 4023 767 4084 kal.
792 4021 880 4102 Sept.
901 4021 1007 4097 1451).
1033 4022 1261 4084 »Tractatulus
1284 4023 1374 4084 Enee
1398 4021 1557 4084 Senensis

153 4114 302 4190 episcopi
332 4128 390 4189 per
420 4109 656 4173 Venceslaum
687 4109 729 4171 de
760 4109 973 4187 Crumpnaw
995 4111 1198 4172 concluditur
1220 4109 1366 4172 secunde
1389 4127 1417 4171 a.
1442 4107 1559 4189 (14)74

153 4198 210 4259 ter.
238 4197 271 4260 ll.
297 4203 374 4275 post
396 4197 483 4259 dom.
509 4197 590 4258 Esto
613 4197 709 4258 michi
733 4201 813 4257 etc«
1514 4204 1516 4210 '

264 4284 285 4344 t.
309 4283 493 4347 932-105·
517 4287 676 4358 (anepigr.)
709 4283 763 4344 Pii
793 4282 822 4344 11
852 4298 962 4362 papae
991 4282 1093 4345 Bulla
1120 4281 1283 4345 citatoria
1304 4283 1348 4344 ad
1371 4280 1558 4361 Georgium

155 4386 276 4449 regem
300 4371 380 4432 data
401 4368 496 4432 XVII
519 4369 589 4431 kal.
611 4369 679 4432 Jui.
704 4367 830 4448 (1464).

265 4456 285 4518 t.
314 4453 516 4518 1062-112b
546 4455 612 4535 (Pii
645 4456 675 4518 11
705 4461 829 4534 papae)
859 4455 1058 4533 Responsio
1086 4456 1167 4518 data
1201 4455 1330 4518 Romae
1360 4454 1558 4519 oratoribus

155 4542 299 4622 Georgii
322 4543 414 4622 regis
437 4544 482 4623 (a.
509 4541 618 4623 1462).

266 4629 287 4690 1.
316 4626 660 4692 ilat—116⁸Aenae
684 4627 797 4708 Sylvii
820 4628 928 4707 episc.
962 4628 1132 4691 Senensis
1156 4629 1352 4707 Responsio
1369 4629 1450 4690 data
1463 4627 1558 4688 Hun-

154 4715 250 4795 garis
274 4716 417 4780 nomine
439 4715 663 4795 imperatoris
686 4715 850 4779 Fridericl
873 4713 915 4777 23
939 4729 1009 4794 apr.
1037 4713 1119 4777 1455
1143 4716 1180 4779 in
1203 4714 1306 4779 Nova
1328 4714 1488 4777 civitate.

267 4803 287 4864 i.
317 4801 518 4865 llil—136b
541 4803 714 4882 Pamphili
735 4801 936 4865 Mauriliani
967 4801 1118 4864 Carmen
1148 4804 1189 4864 de
1212 4819 1324 4864 amore
1349 4802 1504 4880 Pamphili
1528 4805 1560 4861 et

156 4889 314 4952 Galateae
338 4895 513 4969 incipiens:
540 4889 719 4952 »Vulneror
741 4894 774 4951 et
794 4891 945 4950 clausum
968 4895 1062 4967 porto
1086 4891 1150 4950 sub
1173 4895 1303 4969 pectore
1327 4891 1458 4950 telum«.
1501 4888 1558 4948 »A

156 4973 273 5054 (14)Ί4
296 4977 352 5040 ier.
376 4977 410 5040 ll.
434 4983 509 5039 ante
533 4977 691 5040 Convers.
717 4994 744 5040 s.
768 4976 856 5037 Pauli
881 4993 939 5055 per
960 4973 1196 5038 Venceslaum
1212 4976 1255 5038 de
1272 4975 1451 5037 Crumlow
1467 4973 1558 5035 Pam-

158 5065 265 5142 philus
296 5063 526 5126 concluditur.‹

836 5285 884 5336 135
