3830 5966
813 531 894 595 1065

255 742 339 827 1061
751 739 816 816 VI.
844 739 882 815 C.
909 739 945 814 3.

144 886 254 946 chart.
275 901 362 946 saec.
385 880 492 944 XVII
496 882 544 964 ff.
572 881 614 944 74
638 899 744 953 nuria,
766 880 911 942 33><23
932 895 996 940 cm.
1020 880 1039 940 1
1063 895 1108 940 m.

148 1003 286 1068 »Notata
310 1003 521 1066 Corneliana«
553 1005 607 1083 (:
620 1001 796 1080 Excerpta
818 1017 863 1064 ex
885 998 1037 1062 diversis
1060 999 1159 1062 libris
1181 997 1390 1078 theologicis
1413 1004 1449 1062 et
1470 1017 1552 1077 pro-

143 1089 240 1154 fanis
263 1091 409 1154 collecta
431 1091 474 1153 ab
497 1089 653 1152 Antonio
675 1088 863 1152 Adalberto
886 1086 1024 1162 Comei,
1047 1087 1121 1148 ord.
1136 1086 1170 1149 S.
1186 1086 1374 1161 Benedicti,
1397 1088 1551 1166 parocho

144 1177 404 1252 Lulrawicensi,
429 1182 484 1256 qui
507 1181 604 1239 etiam
626 1175 876 1238 Testamentum
910 1190 1008 1234 suum
1042 1174 1205 1252 originale,
1244 1178 1466 1253 conscriptum
1502 1174 1549 1236 17.

599 1263 669 1324 dec.
699 1263 790 1334 1693,
815 1261 918 1324 codici
942 1264 1100 1334 inseruit).

254 1435 351 1517 1062
751 1434 814 1509 VI.
845 1432 880 1508 C.
907 1431 944 1508 4.

145 1575 335 1638 irrembran.
359 1593 446 1639 saec.
470 1573 559 1638 XIV
576 1576 620 1638 ia.
635 1573 684 1655 ff.
707 1575 761 1650 80,
783 1573 934 1652 34><24
955 1592 1018 1636 cm.
1041 1574 1059 1637 1
1085 1589 1129 1634 m.

323 1697 619 1777 antiphonarium
642 1698 735 1760 notis
758 1695 903 1759 musicis
926 1712 988 1774 per
1009 1698 1124 1757 totum
1148 1695 1369 1756 instructum.

250 1868 349 1950 1063
754 1869 818 1945 VI.
848 1867 883 1944 C.
910 1869 946 1944 5.

140 2009 252 2071 chart.
276 2028 308 2070 a.
332 2009 419 2072 1746
431 2007 481 2088 ff.
506 2009 535 2083 7,
558 2009 820 2074 33><220m.1
846 2029 891 2070 m.

137 2130 420 2192 instrumentum
442 2131 571 2210 publici
594 2131 722 2196 notarii
745 2148 853 2210 super
884 2129 1122 2194 benedictione
1153 2135 1188 2191 et
1217 2129 1424 2193 infulatione
1457 2129 1545 2193 Tho·

137 2233 218 2279 mae
243 2216 342 2280 Girth
366 2218 403 2280 in
426 2218 588 2281 abbatem
603 2217 1044 2302 canoniaeCarloviensis,
1066 2219 1207 2296 peracta
1221 2215 1384 2279 Wolinae
1397 2215 1451 2280 26.
1475 2217 1544 2280 ian.

138 2301 225 2366 1745
250 2304 490 2384 -copiatum
513 2310 549 2368 et
581 2323 661 2370 cum
695 2304 855 2384 originali
889 2305 1054 2389 collatum
1088 2322 1117 2366 a.
1157 2299 1249 2365 1746.
1295 2303 1433 2376 (Inserta
1467 2311 1545 2366 sunt

136 2395 355 2452 instrumenta
377 2396 621 2468 nominationis,
643 2397 863 2460 investiturae,
889 2392 1108 2470 deputationis
1133 2407 1193 2450 seu
1217 2389 1440 2469 delegationis.
1459 2395 1546 2452 iura-

781 2483 906 2552 menti.)

245 2585 344 2641 Codex
368 2587 416 2642 hic
439 2587 502 2642 sine
526 2587 617 2643 dubio
641 2603 656 2642 e
680 2587 807 2644 canonia
830 2585 947 2642 Carlov.
971 2587 1111 2658 provenit.

246 2769 345 2851 1064
764 2772 828 2847 VI.
857 2772 896 2848 C.
924 2773 960 2845 6.

134 2909 246 2972 chart.
271 2929 303 2973 a.
326 2911 411 2974 1771
431 2911 470 2994 ff.
494 2913 568 2980 245.
591 2913 731 2976 33><21
756 2929 817 2974 cm.
841 2911 859 2974 1
885 2931 930 2973 m.

136 3029 297 3109 »Triplex
313 3026 482 3096 Ciecbieo
497 3033 653 3096 Bobemo
668 3033 824 3113 Pragena
839 3033 942 3096 Laus.
968 3033 1071 3111 Praga
1086 3032 1290 3113 Quadriurbs
1306 3031 1539 3098 Hradczanum

132 3117 305 3196 Metropoli
329 3120 544 3181 adnumerata
567 3122 630 3182 hoc
655 3123 767 3182 seculo
790 3119 888 3182 XVlIl
913 3121 976 3181 sub
991 3117 1095 3182 Maria
1108 3117 1245 3181 Teresia
1264 3169 1271 3183 .
1290 3167 1297 3184 .
1317 3169 1325 3184 .
1343 3135 1385 3182 ex
1402 3120 1539 3184 diversis

133 3209 329 3282 scriptorum
355 3207 496 3267 historiis
520 3213 675 3286 excerpta
721 3211 961 3286 ..conscripta
983 3224 1003 3266 a
1024 3204 1063 3268 T.
1088 3205 1114 3268 J.
1140 3205 1178 3270 K.
1203 3203 1239 3269 C.
1264 3205 1300 3268 R.
1325 3206 1360 3268 L.
1391 3205 1539 3286 (11101110

129 3291 270 3353 Joanne
293 3289 408 3354 Kraus
431 3294 600 3356 canonico
624 3293 774 3373 regulari
795 3293 969 3370 Lateran.)
992 3310 1021 3354 a.
1046 3293 1076 3353 d.
1104 3291 1217 3356 1771.«
1243 3294 1300 3374 (z
1312 3293 1470 3357 Historia
1485 3312 1539 3358 ec·

131 3377 322 3440 elesiarum
357 3385 391 3441 et
432 3380 726 3444 monasteriorum
759 3380 988 3460 Pragensium
1021 3382 1231 3443 solummodo
1273 3383 1537 3444 memorabilibus

131 3481 222 3526 saec.
248 3463 346 3526 XVlll
369 3467 530 3546 insignis).

237 3570 341 3628 Textui
365 3573 476 3645 passim
500 3575 694 3644 inglutinatae
717 3582 786 3630 sunt
809 3575 906 3632 variae
929 3578 1072 3646 imagines
1096 3579 1154 3634 aeri
1172 3577 1293 3648 incisae,
1317 3563 1399 3636 libris
1416 3582 1538 3652 impres-

131 3663 173 3713 sis
203 3661 364 3716 desumtae.

241 3825 339 3907 1065
765 3829 825 3905 VI.
856 3831 892 3908 C.
923 3834 956 3908 7.

130 3964 321 4027 irrernbtun.
346 3984 433 4028 saec.
449 3966 537 4029 XIV
547 3967 596 4048 fs.
613 3972 674 4034 131
700 3990 789 4033 rrttrn.
816 3973 916 4050 (recte
936 3974 1023 4054 130),
1046 3977 1090 4038 32
1102 3978 1190 4040 ><23
1205 3995 1268 4040 cnr.
1295 3980 1314 4042 1
1339 3999 1382 4044 m.

127 4086 305 4150 iohannis
328 4086 474 4152 Diaconi
499 4092 541 4153 de
564 4091 797 4170 institutione,
821 4093 904 4172 vita,
929 4095 1086 4159 doctrina
1108 4098 1184 4162 sive
1208 4101 1385 4166 miraculis
1402 4105 1433 4166 b.
1451 4103 1534 4168 Gre-

516 4178 604 4256 gorii
628 4177 775 4242 Romani
798 4180 974 4258 pontilicis
996 4183 1075 4246 libri
1097 4183 1153 4246 111.

236 4275 257 4340 1.
281 4277 317 4337 2·
344 4279 398 4341 »In
420 4286 552 4343 nomine
577 4300 603 4344 s
628 4291 660 4346 et
681 4286 747 4347 ind.
771 4289 864 4348 trinit.
900 4290 1009 4365 incipit
1043 4291 1198 4369 prologus
1221 4294 1349 4356 diaconi
1373 4295 1533 4359 Johannls

125 4364 170 4423 ad
195 4361 379 4425 Jobannem
404 4373 703 4432 reverentissimum
727 4376 804 4445 (sic)
834 4380 947 4436 sancte
977 4377 1158 4454 apostolice
1194 4380 1284 4440 sedis
1322 4383 1529 4461 pontificem«

127 4497 192 4512 ...
217 4449 237 4511 1.
262 4452 298 4510 4·
326 4449 522 4531 »Gregorius
545 4473 664 4535 genere
687 4475 845 4520 romanus
867 4467 935 4522 arte
959 4461 1194 4542 philosophus«
1223 4468 1261 4545 ><
1297 4466 1318 4527 l.
1346 4467 1423 4530 1311
1449 4471 1533 4531 »sal-

126 4542 183 4598 tim
209 4537 309 4598 verba
332 4555 395 4618 que
418 4541 513 4602 valeo
537 4547 668 4606 minime
693 4546 877 4624 denegasse
901 4564 1113 4625 cognoscar«

238 4641 270 4698 ln
294 4643 344 4701 iol.
368 4647 471 4703 ultimo
495 4647 623 4719 adligato
649 4667 708 4706 non
732 4669 812 4709 num.
837 4655 910 4710 haec
932 4664 1003 4712 nota
1033 4661 1175 4714 occurrit:
1225 4659 1328 4717 »Liber
1363 4667 1532 4720 monasterii

125 4733 236 4785 domus
259 4731 286 4792 b.
311 4729 406 4801 Egidli
429 4736 640 4792 canonicorum
665 4739 841 4807 regularium
864 4745 894 4797 ln
918 4741 1081 4813 Witignaw
1104 4745 1178 4801 alias
1202 4747 1232 4802 in
1255 4745 1386 4804 Trlebon
1411 4765 1530 4822 compa-

125 4825 208 4870 ratus
231 4831 283 4888 per
306 4819 419 4876 nobiles
443 4822 580 4878 dominos
604 4825 639 4879 de
663 4823 840 4898 Rosemberg
873 4829 983 4900 primos
1018 4829 1112 4901 ipsius
1134 4835 1305 4890 monasterii
1328 4835 1528 4893 fundatores«

125 4901 239 4957 lieinde
263 4906 357 4960 codex
380 4905 434 4962 11111
457 4908 652 4966 bibliothecae
675 4911 918 4984 Rosenbergicae‚
953 4923 984 4971 ut
1007 4919 1093 4972 docet
1116 4918 1231 4991 insigne
1255 4920 1305 4977 101.
1333 4923 1388 4978 131
1428 4923 1530 4994 adglu-

125 4991 262 5058 tinatum,
287 5005 323 5046 ex
347 5009 405 5064 qua
428 4997 579 5052 restitutus
603 5002 648 5052 est
671 4999 867 5056 bibliothecae
890 5005 1060 5060 monasterii
1087 5003 1296 5063 Tlebonensls

802 5219 853 5270 439
