3820 5960
795 567 859 628 695

238 780 389 852 Operculls
413 781 544 850 adligata
566 785 634 835 sunt
657 777 820 850 fragmenta
841 781 1001 837 membran.
1033 779 1145 836 codicis
1169 782 1323 835 cuiusdam
1346 795 1424 838 saec.
1449 777 1528 849 XIV,

123 867 155 922 in
179 868 288 938 quibus
311 873 430 923 exarata
453 874 522 922 sunt
544 865 697 938 proverbia
719 865 893 922 versificata.
917 865 951 921 In
974 867 1112 938 operculo
1129 881 1225 937 super.
1242 865 1418 923 intrinsecus
1435 867 1527 922 rubri-

123 960 207 1009 cator
242 957 410 1010 adnotavit:
445 953 617 1010 »Rosarium
646 951 756 1007 'ihome
786 955 948 1009 sacerdotis
978 955 1015 1008 de
1048 951 1190 1009 ledecz«.
1221 952 1314 1009 Vetus
1346 954 1422 1025 sign.
1455 954 1526 1010 bibl.

123 1039 270 1098 Clement.
292 1037 328 1100 Y.
352 1039 375 1096 1.
403 1039 429 1098 l.
453 1056 482 1098 n.
511 1039 580 1096 138.
605 1055 665 1096 non
688 1041 852 1096 concordat
875 1055 942 1096 cum
966 1040 1112 1110 catalogo.

230 1243 309 1324 695
570 1239 641 1317 IV.
669 1241 712 1317 E.
739 1241 802 1319 15.
831 1259 876 1326 (Y.
894 1259 918 1312 1.
937 1261 1086 1327 1.n.13a)

122 1385 234 1446 chart.
257 1400 344 1446 saec.
367 1382 436 1444 XV
455 1381 584 1464 (paries
604 1382 700 1458 1446,
729 1383 829 1462 1468)
848 1383 894 1465 ff.
918 1384 983 1448 258
1004 1401 1109 1458 num..
1131 1384 1258 1461 21·5><
1272 1384 1315 1446 16
1336 1401 1400 1446 cm.
1424 1385 1456 1446 d.
1480 1401 1526 1444 m.

232 1522 254 1584 i.
277 1523 290 1585 Ι
312 1541 343 1586 n.
368 1542 400 1586 n.
425 1527 450 1581 dr
477 1519 598 1583 1—35b
621 1523 809 1598 (iohannis
833 1525 875 1586 de
898 1519 1143 1602 Sommerield)
1166 1522 1347 1584 Tractatus
1372 1524 1414 1585 de
1430 1538 1527 1583 moe-

120 1609 279 1671 rentium
301 1609 550 1673 consolatione.
586 1609 638 1671 »In
670 1615 758 1672 omni
789 1612 851 1672 hac
882 1615 1034 1689 angustia
1058 1625 1149 1670 mea«
1175 1611 1208 1668 ><
1235 1609 1347 1689 »Expl
1372 1614 1461 1671 tract.
1486 1609 1527 1669 de

122 1715 168 1758 m.
194 1712 308 1757 cons«

234 1783 254 1844 i.
279 1782 440 1844 362-602
465 1781 661 1862 (Eiusdem)
691 1783 814 1846 Sermo
837 1786 879 1845 de
903 1781 1111 1846 excellentia
1133 1781 1340 1846 sacerdotali
1371 1777 1526 1844 et'rcve-

120 1869 246 1931 tentia.
280 1869 498 1932 »Glorificavit
533 1886 608 1932 eum
630 1875 663 1930 in
686 1876 866 1949 conspectu
897 1887 1029 1949 regum«
1056 1871 1088 1926 ><
1116 1868 1226 1948 »Expl
1252 1886 1379 1931 sermo«
1406 1876 1466 1930 etc.
1491 1873 1527 1931 ut

121 1975 234 2035 supra.

232 2042 253 2104 i.
278 2039 440 2106 oia-aab
466 2043 538 2105 »isti
562 2048 640 2104 sunt
672 2041 830 2117 Articuli,
865 2043 902 2105 in
933 2043 1059 2121 quibus
1089 2043 1244 2124 plerique
1277 2042 1436 2105 moderni
1467 2042 1527 2104 de·

120 2129 255 2192 clinant
278 2147 299 2191 a
321 2129 497 2192 sententia
519 2129 695 2208 magistri«
721 2135 773 2205 (z
790 2130 871 2192 Petri
895 2129 1091 2208 Lombardi).

232 2215 252 2278 i.
277 2212 436 2278 68“’-85ὓ
460 2215 648 2295 (iohannis
672 2217 714 2278 de
737 2214 1175 2296 Sommerield)Tractatus
1191 2219 1351 2283 decruce
1368 2215 1524 2294 signatis.

123 2303 248 2381 »Signa
270 2304 359 2365 thaw
378 2320 477 2382 super
499 2303 641 2365 frontes«
668 2307 700 2361 ><
725 2303 838 2384 »Expl
862 2309 952 2368 tract.
976 2304 1017 2365 de
1041 2322 1069 2366 c.
1094 2323 1121 2366 s,
1144 2322 1173 2365 a.
1199 2305 1230 2364 d.
1257 2301 1339 2364 1468
1363 2303 1526 2363 dominica

122 2393 187 2451 sub
212 2396 330 2451 octava
353 2407 380 2451 s,
404 2388 533 2452 Martini
555 2395 664 2469 pont«

232 2475 252 2538 i.
276 2475 461 2538 862-1022
485 2475 682 2556 (Eiusdem)
705 2475 887 2556 Expositio
911 2477 1129 2555 quorundam
1144 2477 1353 2556 punctorum
1370 2475 1407 2536 in
1422 2475 1524 2538 colla-

119 2563 281 2628 tionibus
303 2567 452 2641 patrum,
472 2565 610 2646 »quibus
626 2565 840 2644 simpliciores
856 2564 971 2626 iratres
988 2581 1225 2645 nonnunquam
1242 2564 1522 2625 scandalisantur«

120 2651 153 2706 ><
180 2649 271 2711 »Hoc
296 2655 382 2724 sunt,
406 2666 469 2729 que
486 2651 583 2712 michi
607 2651 769 2729 signanda
791 2650 832 2711 de
856 2652 1089 2713 collacionibus
1113 2657 1241 2730 patrum
1264 2653 1455 2712 occurrunt«
1473 2696 1478 2708 .
1494 2696 1524 2710 ..

232 2737 254 2798 i.
282 2735 484 2798 1022-107·
507 2737 688 2799 'tractatus
712 2738 754 2799 de
776 2737 1023 2800 communione
1046 2737 1241 2800 infantium.
1275 2741 1301 2800 l.
1325 2737 1523 2814 Excerptum

119 2823 161 2884 de
187 2821 376 2885 Summas.
401 2822 551 2885 Thomae
575 2825 693 2904 Aquin.
717 2825 747 2887 2.
775 2823 949 2886 »Obieccio
973 2830 1086 2886 contra
1109 2825 1254 2904 predicta
1276 2823 1449 2885 cuiusdam
1465 2822 1525 2883 bc-

119 2913 219 2970 retici.
256 2909 395 2972 Domine
418 2909 551 2978 Jacobe.
575 2913 713 2973 multum
736 2911 886 2990 gaudeo«
912 2918 972 2973 etc.
996 2912 1027 2973 3.
1055 2911 1258 2990 »Responsio
1282 2911 1324 2971 ad
1348 2909 1521 2988 predicta«

230 2995 253 3058 i.
281 2993 483 3057 107«-109o
508 2995 650 3060 »Contra
674 2998 903 3078 blasphemum
927 3015 985 3076 pro
1009 2999 1244 3060 informacione
1269 2998 1423 3059 fidelium.
1441 2995 1523 3075 Quis
1635 3031 1638 3038 ·

118 3089 172 3144 est
195 3085 259 3157 hic,
284 3087 338 3162 qui
360 3084 505 3162 loquitur
527 3085 768 3163 blasphemias«
790 3081 819 3148 ><
842 3086 937 3148 »item
961 3087 1003 3147 ad
1027 3085 1170 3146 eundem
1193 3084 1276 3147 inira
1299 3088 1331 3145 in
1355 3081 1432 3144 lolio
1448 3087 1523 3143 ante

117 3171 319 3248 penultimo«
345 3169 401 3248 (.-.
416 3167 639 3248 wib-258⁸).

229 3255 251 3319 i.
279 3255 483 3318 1102--144l
506 3255 696 3337 (lobannis
719 3258 761 3320 de
784 3257 1030 3338 Sommerfeld)
1052 3258 1234 3320 Tractatus
1265 3258 1307 3319 de
1331 3255 1388 3318 sui
1410 3255 1523 3332 ipsius

117 3341 361 3421 abnegatione.
396 3344 494 3405 »Post
517 3346 787 3424 explanacionem
810 3346 894 3405 illius
918 3348 1107 3424 ewangelici
1130 3347 1224 3406 dicti«
1252 3345 1284 3400 ><
1309 3345 1443 3404 »letetur
1466 3359 1523 3404 cor

117 3446 233 3490 meum
258 3435 353 3502 inte,
378 3446 398 3490 o
422 3435 489 3492 vita
511 3431 616 3505 beata,
641 3435 695 3512 qui
718 3436 820 3492 vivis«
847 3437 907 3492 etc.

230 3515 250 3578 i.
280 3514 482 3578 145.„136a
507 3516 724 3597 (Eiusdemi)
747 3518 928 3580 Tractatus
951 3519 994 3581 de
1016 3519 1250 3581 instinctibus.
1280 3516 1437 3597 »Spiritus
1460 3517 1514 3577 ubi

117 3605 176 3663 wlt
201 3605 320 3681 spirat«
345 3603 379 3659 ><
406 3609 457 3665 »et
478 3603 614 3666 felicitas
645 3610 697 3667 est
726 3611 894 3684 perpetua.
926 3623 1026 3684 quam
1060 3607 1155 3667 nobis
1187 3611 1246 3667 etc.
1282 3604 1374 3682 Expl.
1410 3612 1445 3664 tr.
1481 3604 1522 3664 de

116 3693 219 3750 inst«

229 3774 250 3836 i.
280 3773 481 3838 1872-1981’
504 3775 687 3855 (Eiusdem
695 3779 722 3857 i)
745 3778 925 3841 Tractatus
957 3780 999 3841 de
1030 3779 1158 3857 duplici
1188 3778 1272 3842 zelo.
1311 3775 1521 3855 »Dupplieem

116 3865 227 3923 zelum
253 3879 347 3924 sacra
370 3867 530 3942 scriptura
553 3871 805 3926 commemorat«
825 3866 858 3923 ><
878 3866 989 3947 »Expl
1014 3869 1204 3929 tractatulus
1227 3866 1268 3926 de
1284 3865 1403 3943 duplici
1419 3865 1521 3924 zelo«

229 3946 251 4010 i.
280 3948 479 4010 1992-2562*
502 3949 718 4030 (Eiusdemi)
740 3951 843 4015 Liber
865 3955 907 4016 de
930 3952 1193 4017 condicionibus
1209 3950 1364 4031 profiteri
1381 3949 1523 4029 cupien-

114 4035 209 4096 tium
231 4041 268 4096 et
289 4035 531 4114 professorum
554 4038 827 4102 continuatione.
848 4039 1028 4103 »Sauanas
1044 4042 1253 4119 transfigurat
1268 4055 1305 4099 se
1321 4041 1353 4099 in
1369 4037 1521 4116 angelum

116 4124 222 4182 lucis«
250 4123 282 4180 ><
308 4121 467 4201 »Explicit
499 4125 580 4186 liber
609 4129 685 4200 (etc.
709 4127 880 4206 utsupra)
903 4127 980 4188 ad.
1007 4125 1091 4188 1446
1113 4128 1270 4189 collectus
1294 4129 1327 4186 in
1351 4123 1448 4186 Owin
1464 4139 1522 4202 per

115 4207 285 4289 quendam
317 4208 448 4271 fratrem
479 4211 548 4274 ord.
580 4209 829 4274 Celestinorum.
860 4213 990 4275 Librum
1021 4219 1076 4292 qui
1101 4218 1238 4292 scripsit,
1261 4209 1435 4275 Johannis
1458 4211 1521 4272 sub

113 4298 253 4357 nomine
276 4299 375 4357 vixit«
411 4294 543 4371 (Cetera
564 4304 746 4360 atramento
769 4301 845 4361 illita
868 4306 967 4376 sunt).
993 4300 1077 4362 Nota
1107 4305 1138 4363 in
1172 4303 1334 4376 margine:
1369 4297 1458 4358 »Hec
1489 4301 1521 4358 in

117 4384 279 4460 principio
302 4399 375 4443 mee
398 4387 624 4446 conversionis
648 4386 776 4464 digesta
798 4393 891 4460 sunt;
916 4388 990 4449 ideo
1021 4403 1099 4468 rogo
1131 4390 1294 4458 lectorem,
1325 4401 1367 4446 ne
1391 4401 1448 4462 per
1470 4400 1519 4456 ea,

115 4485 190 4615 ques
213 4472 346 4615 inscitlob
363 4473 612 4618 mpremgrolata
634 4479 721 4546 sunt,
744 4473 1010 4536 scandalisetur.«
1034 4474 1159 4536 Eadem
1183 4473 1249 4535 iere
1273 4479 1351 4535 nota
1384 4475 1522 4532 occurrit

114 4561 147 4616 in
188 4559 281 4616 ronte
315 4559 373 4616 iri
411 4604 418 4619 .
508 4563 533 4620 ⁸.

115 4747 136 4788 u
174 4745 195 4788 a
228 4639 480 4808 §.Ogldfb-ffiti‘
507 4641 648 4707 »Contra
670 4646 835 4722 quendam
859 4647 1046 4722 hereticum,
1071 4648 1112 4709 de
1128 4665 1194 4728 quo
1210 4653 1242 4709 et
1265 4662 1364 4726 supra
1386 4647 1421 4722 (i.
1443 4645 1501 4706 107

226 4851 408 4908 Intrinsecus
439 4855 567 4926 operculi
599 4871 695 4928 super.
727 4863 865 4913 notantur
895 4873 1017 4915 versus:

419 4972 536 5030 »Edidit
559 4975 617 5032 hoc
641 4991 715 5048 opus
739 4978 824 5035 irater
846 4977 884 5037 de
907 4979 1110 5038 Summerfelt
1134 4989 1215 5039 ortus

483 5059 606 5118 Nomine
629 5061 805 5135 iohannes,
829 5069 877 5122 cui
900 5069 938 5124 sit
961 5083 1071 5124 merces
1094 5071 1280 5141 perhennis«

795 5287 844 5337 277
