3844 5968
132 819 290 872 cernentis.
315 813 415 870 Eidem
438 816 529 870 asseri
553 813 768 883 adglutinatum
791 819 836 869 est
859 812 908 870 iol.
933 814 1036 882 chart,
1060 817 1172 886 inquo
1196 817 1314 886 coplata
1337 819 1380 870 est
1405 813 1447 872 Μ.
1479 814 1536 871 Jo-

134 903 255 959 bannis
277 899 347 958 iius
370 899 508 971 epistola
529 899 649 970 scripta
671 899 878 956 universitati
914 899 1068 972 Pragensi
1103 900 1160 957 ier.
1183 899 1213 958 V
1233 907 1310 958 ante
1333 897 1481 972 vigiliam
1506 917 1535 956 s.

133 988 222 1046 Petri
244 985 469 1063 (consuntiae
492 984 543 1044 21.
567 986 634 1042 iun.
661 984 756 1054 1415)
790 1001 858 1042 cum
881 987 937 1043 bac
960 994 1047 1043 nota:
1097 987 1175 1044 »Hac
1198 991 1323 1058 epistola
1345 991 1457 1060 scripta
1480 995 1525 1044 est

134 1092 187 1149 per
207 1075 287 1148 Mag.
310 1075 474 1131 iohannem
509 1075 539 1128 in
574 1065 768 1130 Constancia‘
789 1080 911 1129 mortem
940 1075 1149 1146 prestolantem
1172 1091 1190 1130 a
1214 1075 1417 1145 spiritualibus
1440 1080 1534 1131 torto·

135 1165 218 1220 ribus
241 1162 376 1219 videlicet
405 1159 604 1218 cardinalibus
635 1161 864 1232 archiepiscopis
888 1168 943 1218 etc.
968 1167 996 1216 et
1018 1160 1058 1219 M.
1083 1159 1233 1232 Stephano
1257 1159 1361 1217 Palecz
1385 1178 1452 1218 cum
1477 1160 1536 1217 Mi·

136 1249 258 1306 cbnbeie
282 1249 317 1304 de
340 1247 464 1304 Caussis
487 1255 542 1304 etc.
567 1263 593 1306 a.
618 1248 646 1302 d.
674 1247 816 1318 14(15).«
852 1247 993 1318 (Aliunde
1017 1250 1062 1304 ed.
1086 1247 1215 1318 Paaeky'
1238 1247 1361 1306 Docum.
1385 1265 1415 1320 p.
1444 1245 1535 1320 142).

133 1337 173 1396 A.
201 1337 282 1393 1609
306 1336 401 1392 codex
423 1341 483 1391 crat
506 1334 576 1392 bibl.
600 1333 842 1406 Rosenuergicae,
874 1337 942 1391 dein
966 1340 1092 1392 monast.
1116 1332 1323 1393 Tiebonensis.

241 1503 324 1586 259
756 1503 784 1577 I.
812 1501 853 1577 F.
880 1503 941 1578 27.

136 1643 247 1705 chart.
269 1660 358 1706 saec.
382 1639 653 1705 XVII-XVIII
667 1641 708 1724 ff.
732 1641 798 1705 178
819 1660 926 1715 num,
949 1641 1094 1708 20)(16
1116 1661 1178 1706 cm.
1203 1643 1235 1704 d.
1258 1660 1304 1704 m.

248 1763 268 1826 i.
296 1764 400 1827 1-39
423 1764 548 1828 Isidori
581 1781 603 1825 a
625 1764 658 1827 S.
681 1763 830 1839 Joanne,
854 1767 991 1825 ministri
1013 1780 1122 1843 gener.
1147 1765 1216 1827 ord.
1233 1764 1356 1838 Trinit,
1379 1764 1541 1842 Epistola

137 1851 332 1928 spiritualis
376 1869 417 1914 ac
454 1851 702 1914 exhortatoria.
736 1849 912 1928 Impressa
945 1850 1270 1931 Caesar-Augustae
1303 1868 1367 1930 per
1401 1850 1543 1914 Petrum

134 1936 271 2017 Verges
294 1957 324 2001 a.
350 1937 433 2001 1637
456 1937 747 2017 (apographum).

247 2042 267 2104 i.
291 2041 442 2104 40-103
465 2042 718 2120 Compendium
740 2041 951 2120 geometriae
974 2043 1147 2120 practicae
1171 2039 1218 2126 (in
1241 2043 1306 2104 fine
1329 2044 1498 2123 german).

247 2146 268 2208 i.
297 2146 461 2208 104-121
487 2146 616 2209 Notata
637 2163 684 2208 ex
704 2146 850 2210 Achillis
873 2147 972 2208 ducis
987 2145 1274 2226 Wiirtenbergiae
1287 2146 1544 2211 consultatione

136 2234 179 2296 de
203 2233 402 2313 principatu
426 2233 519 2296 inter
540 2232 740 2311 provincias
762 2231 934 2311 Europae.

247 2335 267 2398 i.
296 2336 459 2398 122-151
486 2331 645 2410 Tanciiir,
668 2335 879 2412 wenceslai,
909 2342 994 2400 tunc
1023 2338 1191 2416 temporis
1214 2339 1348 2416 poetae,
1373 2337 1541 2401 correcta

137 2423 297 2486 carmina
318 2424 384 2485 sub
408 2423 495 2502 Mag.
517 2422 705 2486 Francisco
728 2423 900 2486 Petrasch
923 2425 978 2487 die
1004 2425 1054 2487 14.
1077 2424 1166 2488 Nov.
1192 2423 1287 2487 1706.

247 2510 268 2572 1.
298 2509 466 2572 152-160
488 2509 525 2571 B.
547 2509 580 2573 J.
602 2511 644 2573 A.
667 2509 843 2572 Hoffmani
866 2511 1085 2591 symbolicae
1107 2511 1300 2574 allusiones
1323 2512 1360 2573 in
1383 2511 1539 2574 illustres

137 2613 239 2660 ceras
270 2612 335 2659 seu
356 2596 569 2675 gentilitium
591 2600 713 2670 (cetera
736 2597 856 2659 desunt
889 2598 1022 2660 dimidio
1056 2600 1135 2660 tituli
1165 2597 1243 2660 ioiio
1278 2604 1397 2670 scisse,
1422 2599 1483 2660 sed
1506 2603 1538 2660 in

137 2684 157 2746 i.
186 2683 248 2746 156
272 2695 571 2746 commemorantur
603 2686 747 2746 »heroes
777 2683 1075 2764 Turrazvilianie).
1106 2683 1141 2746 ln
1172 2687 1309 2765 epistola
1339 2685 1538 2747 dedicatoria

138 2772 217 2832 data
237 2769 479 2848 Micro-Pragae
502 2769 554 2832 30.
575 2771 645 2849 julii
671 2767 754 2831 1666
777 2773 992 2834 subscribitur
1013 2779 1137 2834 auctor.
1168 2770 1277 2852 (Opus
1301 2771 1319 2832 7
1344 2775 1541 2851 imaginibus

138 2859 268 2919 calamo
292 2857 460 2919 delineatis
483 2858 660 2934 ornatum.)

249 2943 271 3006 i.
299 2943 468 3007 ibi—163
490 2942 638 3022 iosephi
653 2942 795 3006 Macarii
806 2944 930 3023 ignatii
942 2944 1149 3022 Luniacaek,
1165 2944 1385 3023 eloquentiae
1397 2945 1539 3022 alumni,

138 3029 273 3104 Oratio,
309 3031 438 3109 inqua
467 3030 692 3093 dissuadetur
722 3030 840 3094 iuveni
874 3031 1025 3109 cuipiam
1056 3033 1131 3095 vita
1152 3031 1324 3111 religiosa,
1354 3031 1391 3093 in
1413 3033 1545 3096 rostris

137 3116 503 3196 Kuttenbergensibus
526 3118 720 3179 declamata
739 3115 792 3179 27.
817 3117 900 3180 maii
927 3116 1019 3180 1707.

250 3203 271 3266 i.
300 3203 468 3266 164-168
503 3203 733 3283 Fragmentum
767 3209 923 3267 orationis
961 3206 1134 3267 cuiusdam
1165 3205 1205 3266 de
1235 3206 1429 3284 gratitudine
1453 3210 1542 3268 initio

139 3307 290 3353 mancae.
315 3289 379 3366 (Ex
403 3293 708 3370 chronogrammate
733 3297 821 3370 patet
842 3309 871 3354 a.
900 3291 1007 3369 1669).

250 3375 271 3438 i.
299 3375 467 3439 169-176
480 3377 730 3455 inscriptiones
746 3377 934 3456 Romanae,
958 3395 1045 3458 quae
1061 3377 1309 3452 Albae-iuliae,
1326 3379 1409 3440 dum
1426 3380 1548 3441 eadem

139 3464 176 3526 in
201 3461 403 3527 Carolinam
425 3469 629 3540 mutaretur,
652 3469 810 3543 repertae
835 3470 931 3527 sunt.

252 3549 274 3612 i.
303 3549 471 3613 177-178
494 3549 597 3614 Notae
620 3557 728 3613 variae
752 3553 869 3613 latinae
896 3557 929 3612 et
950 3556 1166 3630 germanicae.

247 3721 329 3803 260
761 3724 789 3799 I.
817 3723 858 3798 F.
886 3723 947 3798 28.

140 3863 253 3924 chart.
276 3879 363 3926 socc.
387 3862 475 3926 XiV
492 3880 539 3926 ex.
553 3863 597 3946 ff
622 3864 697 3934 130,
717 3863 865 3927 23><15
885 3881 948 3925 cm.
973 3863 1006 3924 d.
1030 3881 1075 3924 m.

253 3983 443 4047 Sermones
465 3984 599 4048 diversi
620 3985 662 4046 de
684 3989 842 4063 tempore
865 3990 901 4048 et
923 3985 966 4047 de
989 3985 1133 4048 sanctis.

252 4086 274 4148 i.
302 4083 488 4151 129b-130
513 4086 625 4150 »Nota
649 4087 754 4167 Digne
784 4090 1103 4152 communicantibus
1133 4089 1264 4166 largitur
1294 4089 1377 4150 deus
1400 4095 1545 4167 quatuor

140 4173 262 4236 bona«
287 4172 416 4249 (Sermo
440 4175 481 4236 de
503 4180 667 4236 nativitate
691 4175 813 4237 domini
836 4180 868 4238 in
892 4175 912 4237 i.
941 4176 996 4236 15ι
1018 4177 1203 4253 germanice
1227 4175 1369 4249 desinit).

248 4264 285 4320 A.
313 4265 392 4321 1609
416 4267 511 4322 codex
535 4266 604 4324 bibl.
627 4265 869 4336 Rosenbergicae,
894 4267 999 4322 deinde
1021 4272 1147 4322 monast.
1171 4262 1367 4322 Tiebonensis
1391 4265 1457 4321 fuit.

249 4432 318 4514 261
763 4436 792 4510 l.
820 4435 861 4510 F.
888 4434 951 4510 29.

141 4573 254 4636 chart.
276 4589 366 4637 saec.
390 4571 460 4635 XV
478 4574 523 4637 in.
540 4573 581 4656 ff.
604 4575 678 4650 175,
701 4576 741 4637 21
757 4577 848 4637 ><15
867 4591 928 4636 cm.
952 4575 970 4636 1
996 4593 1040 4636 m.

254 4693 276 4756 i.
304 4695 399 4756 1-2·
420 4699 528 4770 (mbr.)
554 4696 624 4757 »Ad
647 4701 842 4758 exercicium
864 4697 1052 4758 humilitatis
1075 4699 1219 4775 quinque
1244 4701 1411 4773 prosunt«

255 4775 435 4843 1.2·-29ι
463 4781 630 4845 Formuia
663 4782 891 4845 noviciarum.
926 4782 1145 4844 ›Desiderasti
1175 4798 1289 4843 ame«
1316 4782 1349 4838 ><
1376 4782 1455 4843 »sibi
1478 4786 1540 4862 ipsi

144 4869 298 4946 placitam
321 4873 353 4928 et
374 4873 517 4948 quietam
540 4876 694 4932 mentem.
718 4871 854 4932 Amen«

254 4954 276 5015 i.
300 4950 456 5017 30·-33⁵
486 4955 672 5034 Speculum
703 4957 964 5019 monacharum.
1000 4955 1068 5016 »De
1098 4955 1268 5032 diligencia
1289 4955 1451 5017 horarum.
1482 4953 1547 5018 Co·

144 5046 224 5120 gitet
246 5042 335 5120 apud
361 5059 397 5103 se
422 5045 593 5104 monialis«
619 5045 651 5102 ><
679 5061 773 5105 »sese
797 5047 936 5104 invictus
959 5047 1089 5104 animus
1112 5057 1179 5102 non
1203 5043 1355 5104 relaxet«

824 5265 872 5316 107
