3844 5968
1048 531 1113 593 405

487 738 508 799 i.
533 736 739 800 256⁸-258b
772 737 935 818 »Qualiter
957 739 1223 818 respondendum
1247 745 1298 800 est
1320 739 1392 809 hiis,
1417 743 1471 818 qui
1495 743 1659 816 mirantur,
1691 741 1780 819 quod

379 825 508 886 heretici
533 829 695 886 sustinent
718 827 877 904 supplicia
900 830 1080 904 pacienter«
1108 830 1197 900 (item
1221 826 1262 886 de
1286 826 1518 906 inquisitione).

489 911 509 974 i.
534 908 740 972 2592—2631’
767 911 967 990 »Registrum
992 913 1059 972 libri
1082 913 1135 992 (:
1151 919 1306 974 tractatus
1331 913 1571 992 praecedentis)
1595 913 1781 974 secundum

378 998 526 1060 ordinem
550 1000 729 1077 alphabeti«
758 1002 846 1076 (cum
871 1000 1058 1060 nominibus
1082 999 1318 1060 haereticorum
1343 1003 1467 1060 inloto
1492 1001 1594 1072 libro).

389 1149 390 1156 χ
486 1085 507 1146 i.
532 1081 895 1146 26312—2642Err01es
919 1083 1157 1166 Waldensium.

487 1171 507 1233 i.
543 1169 747 1232 26.·'>i-28lb
781 1175 939 1248 (anepigr.)
979 1171 1161 1233 Tractatus
1196 1170 1473 1233 novissimorum
1505 1176 1702 1249 temporum
1736 1171 1779 1233 de

380 1257 481 1320 malis
505 1259 803 1335 praedicatoribus
837 1262 872 1321 et
900 1257 1066 1335 periculis
1097 1259 1266 1320 ecclesiae
1296 1257 1426 1320 futuris
1455 1258 1628 1321 evitandis
1660 1264 1694 1320 in
1716 1257 1782 1319 fine

379 1346 521 1406 mutilus,
556 1345 660 1406 »Ecce
690 1345 839 1406 videntes
871 1345 1059 1406 clamabunt
1090 1345 1168 1406 ioris
1199 1346 1306 1422 angeli
1330 1349 1420 1424 pacis
1443 1362 1554 1406 amare
1578 1345 1720 1408 llebunt«
1748 1347 1780 1402 ><

382 1430 697 1510 »Quadra'gesimum
732 1437 862 1509 signum
899 1435 958 1504 est,
993 1437 1147 1510 quoniam
1178 1437 1244 1492 veri
1268 1434 1408 1511 apostoli
1430 1449 1497 1493 non
1522 1438 1697 1511 procurant
1719 1432 1781 1492 sibi

377 1521 543 1579 amicicias
566 1519 663 1579 buius
687 1521 787 1580 seculi
810 1517 922 1579 Jacobi
939 1515 981 1580 lV
996 1517 1059 1598 Qui
1075 1519 1131 1579 wlt
1154 1518 1274 1579 alcius«
1300 1517 1683 1593 (ceteradesiderantur).
1707 1517 1781 1592 (Ed.

380 1602 559 1667 Orthuinus
582 1603 851 1667 Gratius-Brown
875 1603 908 1678 Il,
936 1604 974 1666 18
998 1609 1062 1685 sq.)
1085 1605 1208 1666 Auctor
1231 1611 1282 1666 est
1305 1603 1504 1668 Guilelmus
1526 1605 1558 1666 d.
1581 1605 1616 1668 S.
1639 1605 1780 1667 Amore.

485 1693 518 1750 In
549 1696 687 1766 operculo
718 1711 816 1766 super.
848 1695 1025 1750 intrinsecus
1057 1697 1129 1750 haec
1153 1700 1224 1752 nota
1246 1711 1325 1751 saec.
1348 1693 1404 1750 XV
1429 1696 1571 1752 occurrit:
1609 1695 1714 1751 »Liber
1736 1711 1783 1750 sa·

378 1781 505 1838 cerdotis
528 1779 672 1837 Iohannis
696 1783 732 1837 de
754 1781 937 1852 Koste(lecz)
957 1827 962 1838 .
984 1825 989 1837 .
1010 1825 1017 1839 .
1036 1782 1108 1851 (alia
1132 1797 1220 1836 manu
1244 1784 1378 1838 additur:
1405 1797 1475 1853 »pro
1488 1780 1529 1840 M.
1545 1782 1658 1839 Jacobo
1674 1781 1783 1838 Paczo-

378 1869 527 1939 wiensi«).
551 1865 709 1939 Excerpta
732 1868 938 1924 decretalium
961 1867 999 1923 de
1022 1868 1084 1923 tide
1106 1867 1310 1924 christiana«

483 2034 571 2116 405
831 2034 904 2110 III.
932 2035 977 2111 A.
1006 2035 1067 2110 20.
1091 2051 1136 2115 (r.
1157 2050 1175 2101 1
1196 2053 1221 2102 a.
1241 2066 1266 2102 n.
1285 2052 1338 2113 20.)

378 2176 485 2237 chart.
508 2193 595 2238 suec.
618 2173 687 2238 XV
693 2176 741 2259 ff.
764 2179 838 2252 332,
861 2176 1004 2240 31><22
1026 2195 1089 2238 cm.
1112 2177 1130 2238 1
1156 2195 1212 2250 m.‚
1236 2177 1295 2238 liu.
1320 2177 1391 2240 init.
1409 2175 1509 2257 pictis
1530 2180 1684 2238 ornatus.

486 2295 666 2374 Epistoiae
696 2299 885 2362 canonicae
908 2299 1041 2374 Jacobi‚
1070 2298 1173 2374 Petri,
1195 2299 1381 2373 lobannis
1404 2298 1516 2361 Judae
1539 2300 1782 2376 apostolorum

379 2383 555 2446 uberrimo
579 2385 829 2448 commentario
853 2385 1045 2450 instructae
1068 2403 1148 2448 cum
1170 2385 1300 2463 glossis
1327 2385 1529 2448 bohemicis.

417 2509 419 2516 .
488 2469 587 2546 (Cum
611 2473 689 2533 liber
719 2477 766 2540 sic
800 2477 947 2552 incipiat:
986 2470 1098 2534 »Nunc
1127 2472 1253 2534 accedit
1285 2474 1363 2533 liber
1385 2471 1439 2536 Vll
1462 2477 1704 2544 canonicarum,
1729 2477 1784 2552 qui

378 2555 488 2618 'editus
518 2563 569 2619 est
599 2577 618 2619 a
649 2565 788 2637 quatuor
821 2560 1011 2638 apostolis«,
1045 2559 1172 2620 viderur
1201 2576 1383 2640 essepars
1418 2563 1548 2620 maioris
1583 2560 1783 2621 collectionis

380 2645 551 2706 bibliorum
575 2651 810 2707 commentario
834 2651 1078 2721 instructorum)
1102 2647 1133 2702 ><
1161 2651 1211 2706 »et
1234 2649 1484 2708 sanctimoniam
1508 2651 1578 2706 sine
1602 2663 1668 2724 qua
1683 2662 1782 2706 nemo

378 2732 502 2792 videbit
525 2731 633 2794 deum.
658 2731 699 2793 Et
722 2736 769 2793 sic
792 2739 843 2794 est
865 2732 969 2795 linis«

487 2819 581 2876 Vetus
606 2823 683 2892 sign.
707 2823 743 2891 A,
769 2823 819 2880 21.

484 2989 572 3072 406
833 2989 904 3065 III.
934 2991 979 3066 A.
1007 2991 1067 3065 21.
1092 3005 1137 3072 (Y.
1158 3007 1214 3057 rr
1241 3022 1266 3057 n.
1285 3007 1339 3066 21.)

377 3130 487 3191 chart.
511 3149 544 3192 a.
568 3131 654 3193 1426
674 3131 712 3212 ff.
734 3131 808 3204 251,
830 3130 970 3193 30><21
995 3148 1057 3192 cm.
1081 3132 1100 3192 1
1120 3149 1177 3204 m.,
1200 3131 1233 3192 in
1247 3129 1280 3208 s.
1305 3131 1341 3193 11⁷
1363 3131 1421 3192 litt.
1438 3129 1508 3192 init.
1520 3129 1614 3210 picta
1625 3131 1780 3192 ornatus.

485 3251 648 3313 Jacobini
672 3253 726 3330 l:
742 3250 864 3314 Jacobi
886 3250 928 3313 de
952 3249 1140 3330 Voragine)
1171 3250 1247 3312 irat.
1272 3251 1343 3313 ord.
1368 3254 1483 3329 praed.
1507 3250 1696 3313 Sermones
1720 3251 1780 3312 do-

378 3337 560 3399 minicales
583 3353 646 3415 per
668 3338 837 3399 circulum
863 3337 957 3398 anni.

491 3423 511 3485 i.
541 3421 573 3486 lb
597 3427 725 3504 (rubrica
736 3423 756 3503 :)
793 3423 971 3502 »Incipiunt
1001 3441 1172 3485 sermones
1203 3423 1230 3484 d.
1260 3442 1288 3503 p.
1313 3440 1340 3484 c.
1365 3441 1395 3484 a.
1419 3425 1582 3502 compilati
1607 3440 1666 3501 per
1687 3421 1781 3483 Jaco-

377 3511 501 3571 binum.
518 3514 632 3584 (Aliam
647 3515 658 3584 )
675 3509 826 3572 Humane
844 3511 945 3572 labilis
961 3515 1025 3571 vite
1050 3512 1240 3572 decursus«
1254 3509 1314 3572 Χῖ.
1340 3511 1421 3572 251⁸
1443 3513 1550 3586 (rubr.)
1570 3510 1626 3572 «A.
1644 3509 1675 3570 d.
1696 3507 1780 3570 1426

379 3601 537 3675 scriptum
562 3604 594 3658 et
615 3596 742 3658 finitum
766 3603 817 3657 est
839 3599 903 3659 hoc
927 3615 1011 3676 opus
1036 3615 1092 3676 per
1121 3614 1240 3658 manus
1270 3597 1454 3659 Blasconis
1485 3595 1712 3675 (presbyteri)
1736 3594 1779 3657 de

378 3682 571 3756 Dobrzano‚
603 3686 683 3745 alias
715 3683 842 3762 plebani
874 3684 914 3745 de
945 3683 1199 3762 (Ch)walenicz«
1233 3683 1335 3757 (Finis
1358 3685 1409 3745 hic
1434 3684 1589 3763 particula
1611 3682 1678 3743 lolii
1701 3699 1779 3744 con·

381 3773 466 3832 sulto
490 3771 606 3830 evulsa
628 3771 790 3831 obscurus
814 3773 889 3844 est.)

486 3859 519 3915 In
550 3869 672 3930 utroque
702 3861 840 3932 operculo
871 3875 925 3916 nec
955 3875 1014 3915 non
1045 3859 1117 3916 inl.
1146 3861 1175 3915 1·
1198 3865 1225 3914 et
1250 3851 1325 3915 251ιι
1349 3861 1426 3915 idem
1449 3861 1546 3915 scriba
1568 3861 1665 3914 varias
1690 3865 1777 3916 notas

377 3947 468 4003 theol.
493 3947 614 4014 addidit,
638 3963 761 4018 quarum
784 3963 845 4002 una
871 3947 1034 4002 ‘statutum
1066 3947 1210 4017 synodale
1227 3950 1262 4001 de
1285 3947 1479 4017 poenitenciis
1502 3955 1531 4001 et
1552 3945 1778 4002 remissionibus

377 4036 478 4104 quoad
502 4033 603 4090 iratres
625 4035 859 4105 praedicatores«
885 4033 1003 4089 maioris
1026 4036 1165 4089 momenti
1188 4047 1253 4088 esse
1277 4036 1398 4089 videtur.
1423 4031 1515 4088 Vetus
1538 4033 1615 4104 sign.
1640 4031 1676 4105 G,
1702 4033 1732 4089 7.

482 4199 567 4281 407
828 4199 900 4276 III.
929 4201 975 4277 Α.
1003 4201 1063 4275 22.
1088 4217 1132 4279 (r.
1150 4216 1185 4268 n.
1203 4219 1229 4268 a.
1248 4233 1272 4268 n.
1292 4219 1345 4282 22.)

378 4341 569 4402 membran.
592 4357 678 4402 saec.
701 4337 793 4401 XIII
814 4339 855 4422 ff.
880 4341 952 4414 130,
975 4341 1224 4404 30·5><22cm.
1250 4341 1268 4402 1
1294 4359 1340 4402 m.

486 4461 520 4524 S.
544 4461 811 4524 Bonaventurae
833 4461 980 4524 Postilla
1002 4478 1107 4540 super
1128 4461 1269 4523 Lucam.

485 4549 507 4609 i.
535 4551 568 4608 1⁸
594 4547 750 4628 »Spiritus
774 4549 895 4610 domni
919 4566 1018 4627 super
1033 4565 1104 4610 me«
1121 4549 1187 4610 Χῖ.
1215 4547 1292 4608 130i
1315 4552 1360 4622 (in
1385 4552 1488 4626 prima
1510 4548 1674 4620 columna,
1699 4564 1775 4608 nam

375 4637 477 4697 altera
507 4635 638 4696 abscisa
669 4639 750 4709 est):
784 4635 986 4714 »Expliciunt
1015 4637 1141 4714 postille
1172 4651 1270 4714 super
1302 4634 1424 4698 Lucam
1455 4633 1559 4696 fratris
1583 4633 1777 4696 Boneauen·

378 4729 466 4784 ture«
496 4721 582 4800 (sic).

485 4810 518 4867 In
553 4811 602 4870 iol.
633 4811 792 4882 praegilato
826 4812 899 4866 haec
933 4819 1003 4868 nota
1033 4827 1111 4868 saec.
1142 4809 1197 4866 XV
1232 4812 1374 4869 occurrit:
1403 4809 1478 4866 »Iste
1500 4810 1573 4865 liber
1594 4815 1639 4864 est
1661 4816 1776 4882 emptus

375 4915 395 4954 a
418 4898 509 4954 Paulo
541 4901 693 4954 sacerdote
723 4900 758 4953 de
791 4896 1020 4969 Lythomierzicz
1050 4915 1116 4954 cum
1148 4899 1213 4952 aliis
1245 4898 1378 4967 pluribus
1409 4896 1522 4952 scilicet
1540 4894 1667 4966 Hugono
1690 4911 1777 4968 super

375 4983 497 5050 Lucam.
522 4984 630 5055 Holgot
653 5000 740 5056 super
763 4983 915 5055 Sapiencie
938 4993 993 5042 etc.
1017 5000 1069 5055 pro
1094 4983 1120 5038 V
1143 5000 1206 5039 sex.
1230 4999 1292 5054 gn«
1318 4982 1411 5038 Vetus
1434 4983 1508 5053 sign.
1533 4980 1566 5051 Β,
1589 4985 1641 5038 41.

1055 5201 1102 5254 158
