3890 5970
349 559 406 614 VIII

347 775 487 844 ¹civitatis
511 771 702 851 Pragensiffl
728 766 926 851 spectanti),
950 773 1039 834 nullo
1063 774 1162 834 modo
1178 773 1284 851 colligi
1307 777 1416 851 potest
1430 776 1463 836 in
1478 775 1628 854 catalogo
1644 779 1748 854 priore

349 878 522 954 inscriptos
546 893 622 937 esse
646 875 745 937 libros
769 876 917 938 eiusdem
940 876 1085 954 collegii;
1117 893 1193 937 nam
1224 877 1394 954 collegium
1419 873 1581 939 Redkonis
1612 878 1747 940 domum

349 981 506 1040 ecclesiae
531 997 558 1041 s.
581 977 737 1059 Stephani
771 983 911 1042 vicinam
942 984 975 1042 in
1005 981 1111 1059 platea
1141 997 1167 1040 s.
1203 978 1442 1042 Bartholomaei
1472 981 1681 1055 inhabitabat,
1715 985 1748 1044 in

349 1099 423 1164 qua,
447 1089 483 1144 ut
505 1082 602 1145 docet
623 1082 690 1147 Lib.
715 1084 784 1145 dec.
808 1083 843 1156 ll,
867 1083 941 1158 384,
966 1079 1190 1145 Reckonidum
1215 1099 1346 1162 quoque
1366 1084 1493 1146 libraria
1507 1086 1747 1148 asservabatur.

348 1185 453 1248 Etiam
478 1203 520 1248 ex
542 1187 606 1248 hoc
629 1189 766 1267 collegio
789 1189 937 1250 nonnulli
959 1189 1092 1250 codices
1107 1187 1157 1270 ad
1181 1204 1243 1248 nos
1267 1193 1493 1266 pervenerunt,
1529 1205 1614 1270 quos
1638 1206 1681 1250 ex
1702 1193 1749 1250 in·

348 1291 420 1352 dice
437 1289 528 1352 facile
545 1295 712 1364 invenies;
736 1289 797 1352 scd
813 1306 927 1352 eorum
951 1295 1105 1370 antiquus
1128 1291 1297 1370 catalogus
1320 1307 1387 1353 non
1410 1298 1528 1354 exstat.
1551 1291 1640 1354 Idem
1663 1293 1751 1354 valet

348 1394 389 1456 de
412 1395 548 1474 collegio
572 1394 703 1458 laudae
725 1397 778 1457 vel
799 1395 1036 1472 apostolorum,
1066 1411 1095 1456 a.
1124 1395 1200 1458 1451
1228 1398 1373 1460 instituto
1396 1400 1429 1456 et
1451 1413 1572 1475 magna
1594 1397 1747 1460 librorum

348 1504 443 1580 copia
465 1503 575 1574 ditato,
598 1499 685 1561 idem
709 1502 750 1561 de
774 1502 917 1580 collegiis
941 1500 1138 1562 scholarium
1161 1500 1343 1561 minoribus
1366 1497 1619 1586 (Nazarethan0,
1643 1500 1748 1562 Betle-

347 1603 510 1679 hemitico,
534 1604 634 1666 domo
657 1603 861 1684 pauperum),
886 1621 1025 1686 quorum
1048 1608 1308 1684 uniuscuiusque
1328 1605 1446 1666 libriin
1462 1606 1611 1685 catalogo
1634 1611 1747 1668 nostro

348 1708 531 1770 secundum
555 1707 694 1769 indicem
711 1714 854 1787 possunt
868 1709 1013 1771 inveniri.
1037 1705 1098 1772 Cui
1115 1708 1249 1786 collegio
1265 1709 1333 1769 libri
1349 1709 1517 1788 quondam
1535 1710 1748 1772 blbliothecae

346 1808 473 1873 Veteris
495 1813 586 1874 urbis
610 1807 824 1891 Pragensis¹⁸)
847 1813 1028 1892 obtigerint,
1051 1827 1218 1890 nusquam
1242 1816 1403 1892 comperi;
1428 1814 1488 1874 sed
1512 1829 1587 1875 cum
1612 1818 1645 1877 in
1667 1832 1749 1876 non·

346 1916 442 1977 nullis
475 1917 644 1978 codicibus
678 1922 800 1980 nostris
836 1918 901 1991 (ex.
924 1934 971 1996 gr.
994 1915 1068 1990 651,
1092 1914 1168 1995 940)
1202 1921 1311 1978 vetere
1345 1933 1446 1980 manu
1480 1923 1673 1980 annotatum
1704 1922 1748 1980 sit

350 2024 611 2082 »communitatis
633 2019 765 2083 Maioris
788 2021 879 2083 urbis
902 2021 1107 2101 Pragensis«,
1141 2025 1195 2100 qui
1218 2021 1351 2082 codices
1374 2027 1492 2100 postea
1514 2021 1639 2101 collegii
1662 2019 1695 2084 S.
1718 2021 1746 2084 1.

348 2123 539 2187 Clementini
562 2124 686 2202 luerint,
711 2130 825 2207 nequit
847 2125 994 2200 dubitari,
1019 2129 1097 2204 quin
1121 2123 1266 2186 Jesuitae
1289 2123 1482 2187 Clementini
1517 2123 1650 2187 codices
1673 2125 1746 2187 illos

347 2245 390 2290 ex
411 2229 521 2307 aliquo
543 2231 763 2290 universitatis
787 2230 925 2308 collegio
948 2233 1142 2307 acceperint.

373 2405 375 2410 ,
455 2348 610 2411 Omnium
634 2353 719 2412 enim
742 2353 960 2413 universitatis
985 2349 1167 2414 Carolinae'
1187 2351 1397 2431 collegiorum
1431 2350 1646 2414 bibliothecae
1680 2367 1748 2414 una

346 2470 423 2516 cum
447 2457 516 2516 suis
539 2454 707 2516 codicibus
742 2471 842 2518 manu
876 2459 1003 2535 scriptis
1026 2474 1055 2517 a.
1084 2455 1164 2518 1622
1188 2459 1390 2535 imperatoris
1413 2459 1508 2516 iussu
1540 2457 1573 2518 ln
1597 2455 1747 2520 Clemen·
1812 2475 1815 2482 ’

347 2562 449 2620 tinum
472 2563 697 2637 pervenerunt.
720 2555 814 2620 Nunc
838 2563 1010 2639 quaeritur,
1034 2565 1115 2638 quot
1136 2558 1201 2621 iere
1226 2558 1358 2621 codices
1380 2564 1458 2621 tunc
1478 2559 1623 2620 Jesuitae
1645 2576 1667 2620 a
1682 2559 1748 2621 col·

346 2662 471 2741 legiatis
505 2665 697 2742 acceperint,
732 2664 783 2725 vel
807 2667 916 2742 potius
949 2669 1030 2742 quot
1052 2662 1184 2725 codices
1206 2664 1259 2724 illo
1283 2666 1356 2741 ipso
1379 2668 1525 2740 ternpore
1559 2665 1591 2722 in
1615 2663 1747 2741 collegi-

346 2783 438 2834 orum
462 2766 664 2828 bibliothecis
688 2765 912 2846 superfuerint.
958 2764 1040 2828 Nam
1073 2764 1275 2846 superfuisse
1307 2766 1408 2829 multo
1432 2768 1614 2844 pauciores
1649 2781 1747 2845 quarn

346 2867 464 2952 luerint
486 2887 573 2932 saec.
596 2869 657 2931 XV
679 2877 829 2945 exeunte,
854 2872 962 2932 multis
991 2870 1198 2933 documentis
1222 2871 1384 2950 probatur.
1408 2869 1558 2931 Exeunte
1582 2886 1670 2931 saec.
1686 2867 1746 2930 XV

346 2990 405 3053 pro
439 2979 527 3037 certo
560 2973 713 3036 habenda
735 2980 787 3036 est
808 2991 941 3036 summa
962 2973 1049 3036 4500
1071 2975 1233 3048 codicum,
1271 2977 1381 3052 quiin
1405 2974 1613 3051 collegiorum
1637 2973 1749 3034 biblio-

347 3077 450 3139 thecis
472 3079 735 3154 asservabantur,
770 3095 858 3144 nunc
880 3083 990 3142 autem
1014 3078 1147 3141 codices
1170 3079 1267 3152 latini,
1305 3081 1359 3156 qui
1383 3095 1401 3139 e
1425 3079 1568 3156 pristinis
1591 3079 1748 3138 universi·

347 3185 421 3243 tatis
443 3183 588 3261 collegiis
611 3187 803 3261 provenisse
837 3184 1053 3270 perhibentur,
1089 3188 1167 3245 sunt
1188 3185 1312 3244 circiter
1337 3179 1429 3244 1100.
1476 3179 1536 3244 Cui
1559 3197 1697 3244 numero
1720 3185 1748 3243 si

346 3284 568 3347 addiderimus
602 3290 726 3349 circiter
751 3286 812 3349 150
833 3287 965 3350 codices
989 3287 1191 3360 bohemicus,
1213 3289 1421 3363 germanicos
1453 3291 1550 3364 atque
1573 3301 1643 3360 eos,
1667 3301 1747 3363 quo·

346 3405 417 3452 rum
451 3394 541 3468 origo
571 3390 858 3470 recompingendo‚
906 3390 1061 3463 radend0,
1096 3391 1273 3454 oblinendo
1308 3389 1451 3452 obscura
1484 3394 1544 3463 est,
1579 3388 1749 3468 apparebit

347 3508 478 3554 summa
504 3492 587 3555 1250
608 3494 770 3566 codicum,
794 3498 848 3573 qui
871 3512 891 3556 a
913 3493 1046 3555 Jesuitis
1069 3491 1281 3557 Clementinis
1304 3510 1346 3555 ex
1369 3493 1507 3555 diversis
1530 3493 1748 3568 universItatis

346 3596 490 3675 collegiis
513 3597 638 3675 accepti
661 3602 693 3659 et
715 3598 813 3659 nobis
847 3598 952 3659 traditi
987 3593 1114 3678 sunt¹⁴),
1148 3597 1363 3676 nosque-ipsi
1386 3612 1508 3674 magno
1538 3596 1748 3658 cumdolore

448 3785 487 3865 ¹²)
510 3791 594 3848 uotis
625 3793 671 3849 nis
693 3792 862 3865 praesertim
886 3792 950 3848 aaa
975 3810 993 3849 a
1014 3779 1132 3848 duobus
1155 3791 1303 3862 magistris
1330 3789 1455 3860 collegio
1478 3783 1624 3845 aetionis
1647 3790 1748 3846 donau

347 3883 565 3937 enumerantur.
589 3877 684 3951 Quam
706 3879 883 3935 lacunosum
906 3877 944 3934 sit
967 3879 1143 3951 opusculum
1167 3894 1186 3933 a
1207 3877 1248 3934 M.
1271 3875 1405 3932 Iohanne
1437 3873 1588 3947 Campano
1612 3892 1640 3932 a.
1667 3876 1747 3932 1616

345 3963 455 4038 Pragae
478 3967 534 4022 sub
548 3965 635 4022 titulo
652 3964 878 4022 »Calendadum
893 3965 1103 4022 beneficiorum
1119 3965 1286 4021 academiae
1301 3961 1438 4034 Pragensi
1459 3959 1652 4019 collatorum«
1670 3963 1748 4034 typis

347 4053 466 4120 editum,
483 4067 520 4108 ex
533 4054 589 4108 hac
604 4053 763 4110 donatione
780 4051 853 4108 satis
867 4053 966 4123 ubere,
982 4067 1058 4124 quae
1072 4058 1171 4108 tamen
1187 4048 1369 4120 Campanum
1383 4047 1475 4114 latuit,
1492 4047 1576 4105 lacile
1593 4048 1747 4120 colligitur.

449 4131 487 4211 13)
508 4137 542 4194 111
564 4137 620 4196 hac
642 4139 822 4195 bibliotheca
834 4139 905 4195 olim
918 4144 1004 4196 etlam
1019 4147 1081 4194 erat
1095 4141 1189 4196 codex
1204 4136 1286 4193 2425
1310 4135 1385 4206 (Lib.
1411 4137 1474 4192 dec.
1495 4134 1530 4206 II,
1547 4135 1633 4207 321),
1662 4149 1748 4206 quem

347 4232 470 4282 senatus
495 4223 607 4282 VeterIs
630 4227 711 4282 urbis
734 4225 888 4297 Pragensis
909 4243 937 4285 a.
957 4225 1037 4283 1783
1061 4223 1260 4282 universitatis
1276 4223 1469 4279 bibliothecae
1493 4225 1590 4278 denuo
1615 4221 1747 4286 contulit,

448 4304 866 4384 14),10001111011111001111
889 4315 997 4368 modus
1020 4311 1067 4367 hic
1090 4321 1152 4368 est:
1182 4309 1226 4366 Ex
1259 4308 1437 4366 bibliotheca
1471 4310 1501 4366 S.
1525 4307 1550 4364 1.
1575 4307 1641 4364 Cle·

346 4399 476 4455 mentIna
497 4404 693 4470 provenemnt
714 4399 833 4455 codices
855 4399 948 4470 latini,
972 4404 1117 4470 quatenus
1141 4397 1307 4469 signaturae
1331 4397 1439 4452 docent
1470 4443 1475 4454 .
1524 4439 1530 4452 .
1579 4437 1585 4450 .
1631 4392 1746 4454 ,1165

345 4485 399 4542 His
422 4486 547 4542 addendi
570 4491 640 4542 sunt
661 4485 808 4542 veteribus
831 4485 991 4557 signaturis
1015 4492 1147 4542 carentes
1170 4482 1285 4540 circiter
1308 4523 1638 4540 .......
1687 4479 1747 4537 270

345 4571 465 4628 codIces
487 4571 632 4628 bohemici
655 4577 683 4628 et
706 4572 864 4643 germanIci
887 4572 1001 4629 clrciter
1036 4609 1639 4632 ............
1707 4567 1748 4623 70

671 4675 793 4733 Summa
815 4677 951 4732 codicum
974 4675 1167 4732 bibliothecae
1191 4673 1221 4730 S.
1246 4672 1272 4730 1.
1296 4673 1528 4731 clementinae.
1574 4713 1582 4729 .
1630 4669 1747 4728 ,1505

345 4761 388 4820 De
417 4763 473 4820 hac
497 4777 614 4819 summa
635 4763 660 4818 si
676 4763 853 4820 detraxeris:
882 4764 907 4819 1.
934 4761 1052 4818 codices
1079 4760 1247 4818 monasterii
1271 4759 1442 4830 Ojvinensis
1467 4800 1474 4815 .
1520 4801 1528 4816 .
1564 4755 1604 4811 24

347 4847 375 4906 2.
399 4849 517 4906 codices
544 4849 582 4906 ab
604 4841 680 4920 Ipsis'
700 4849 821 4906 Jesuitis
845 4855 979 4905 exaratos
1004 4853 1054 4904 aut
1070 4847 1341 4918 aliundeacceptos
1362 4844 1475 4902 clrclter
1520 4842 1602 4900 ,200
1685 4841 1748 4897 224

1382 4919 1746 4940 ψ

1189 4951 1342 5006 restabunt
1365 4948 1479 5005 circiter
1522 4985 1531 5004 .
1577 4990 1585 5005 .
1632 4945 1748 5004 .1279

345 5040 473 5108 codices,
487 5039 536 5110 qui
546 5038 624 5094 clrca
633 5053 659 5097 a.
673 5039 753 5095 1620
762 5044 932 5112 supererant
944 5043 974 5094 in
984 5035 1168 5093 bibliothecis
1176 5036 1366 5108 collegiorum
1375 5029 1574 5090 universitatis
1583 5031 1746 5104 Pragensis
