3890 5970
819 607 883 670 149

252 806 323 888 147
753 811 784 890 Ι.
812 814 862 892 D.
892 813 925 890 7.

142 947 252 1010 chart.
275 965 361 1013 socc.
384 947 492 1011 XVII
506 947 547 1028 (s.
571 947 592 1012 4
615 953 646 1012 et
667 951 691 1012 5
710 969 742 1016 a.
765 951 867 1031 1684)
879 951 930 1032 ff.
955 953 997 1017 79
1018 969 1124 1026 mem„
1154 950 1298 1014 20><30
1325 968 1388 1014 cm.
1420 962 1550 1032 magna

143 1038 300 1116 exparte
321 1033 569 1117 autographae,
597 1039 655 1098 sed
683 1037 924 1103 additamentis
954 1055 1123 1101 manuum
1152 1034 1378 1104 recentiorum
1411 1040 1547 1099 auctus.

247 1158 316 1216 Post
338 1160 482 1231 illigatum
505 1159 632 1216 inuicem
655 1175 744 1217 manu
767 1175 846 1220 saec.
870 1164 963 1218 nostrl
986 1161 1062 1234 (Jos.
1078 1161 1179 1234 Leyer,
1196 1162 1390 1218 bibliothecae
1406 1159 1550 1220 Clement.

142 1246 234 1315 servi)
257 1249 467 1303 concinnatum
490 1247 669 1317 praecedunt
692 1247 710 1303 2
734 1247 804 1306 tollo
826 1264 886 1304 non
910 1265 1002 1316 num,
1025 1264 1151 1320 quorum
1173 1252 1268 1320 primo
1291 1251 1458 1308 continetur
1472 1248 1550 1305 iura·

143 1339 274 1388 mentum
296 1336 373 1404 regis
395 1332 519 1403 Angliae
543 1335 678 1389 versibus
699 1335 874 1406 germanicis
898 1335 940 1392 ite
962 1337 1124 1404 conditum,
1148 1341 1181 1392 ut
1202 1337 1320 1392 diverso
1337 1337 1425 1390 nmdo
1440 1333 1549 1391 lectum

144 1421 232 1475 modo
256 1421 401 1476 catholice
432 1421 521 1476 modo
551 1423 760 1491 protestantice
791 1428 887 1480 sonat.
911 1421 1024 1479 Ibidem
1047 1424 1106 1478 duo
1130 1422 1258 1493 insignio
1289 1421 1444 1492 originalia
1466 1432 1549 1477 ceree

142 1506 287 1578 impressa
317 1511 460 1563 occurunt
490 1505 665 1562 familiarum
677 1522 691 1563 :·
717 1506 891 1566 Fremutove
914 1523 930 1565 z
953 1504 1087 1581 Tropiic,
1117 1503 1255 1565 Krsoviti
1278 1523 1294 1565 z
1316 1507 1452 1565 Krsovtc
1486 1507 1549 1564 Fol.

143 1593 235 1650 altero
259 1595 426 1650 continetur
447 1593 551 1654 titulus
574 1593 639 1653 hic:

250 1693 457 1772 Fragmenta
480 1695 843 1774 stemmatogrcphicc.
866 1695 1030 1777 (Zlomky
1051 1695 1220 1774 rodopisu
1243 1689 1422 1774 beeheim).
1455 1692 1550 1774 Opus

144 1784 255 1842 maiori
287 1798 329 1842 ex
362 1787 451 1860 parte
483 1781 690 1842 bohemicum
726 1787 1011 1846 concinnaveritne
1041 1781 1077 1846 T.
1100 1782 1154 1845 Fr.
1181 1780 1307 1857 Ebner,
1337 1785 1392 1861 qui
1429 1797 1550 1843 nomen

144 1883 241 1928 suum
266 1868 460 1946 subscripsit
489 1865 542 1928 iol.
572 1866 619 1941 13,
655 1874 765 1930 manet
787 1873 954 1934 incertum.
979 1867 1046 1932 Sed
1070 1875 1198 1950 praeter
1227 1885 1303 1932 eum
1326 1874 1359 1929 et
1380 1867 1432 1930 alli
1454 1867 1550 1929 colla·

144 1953 341 2015 boraverunt
362 1972 383 2016 a
404 1953 457 2014 iol.
482 1953 533 2016 55.

251 2055 271 2117 f.
297 2055 338 2117 75
362 2061 448 2138 typis
471 2073 632 2122 excusum
666 2065 718 2120 est
751 2059 815 2123 sub
845 2059 952 2122 titulo:
984 2057 1133 2123 Schema
1161 2057 1423 2146 genealogicum
1457 2103 1468 2119 .
1497 2103 1505 2118 .
1538 2103 1546 2117 .

144 2143 391 2292 knngoffiigum
424 2144 466 2206 de
500 2141 784 2210 Schrattenbacb.
817 2143 1085 2226 Vetero-Pragae,
1123 2150 1210 2226 typis
1247 2141 1319 2210 Car.
1358 2142 1384 2206 J.
1427 2143 1547 2206 Hraba

250 2399 324 2481 148
752 2404 782 2480 I.
810 2405 860 2479 D.
886 2403 923 2480 8.

141 2540 252 2602 chart.
275 2559 363 2605 saec.
386 2539 712 2623 XVII-XVIIIff.
737 2543 791 2618 47,
811 2543 956 2608 34><20
978 2561 1040 2606 cm.
1062 2543 1081 2605 1
1107 2561 1152 2604 m.

249 2663 407 2725 Annales
441 2663 675 2727 ecclesiastici
713 2665 755 2727 ab
789 2681 884 2728 anno
916 2663 1038 2726 mundi
1070 2661 1157 2726 4039
1191 2661 1314 2742 (nauli
1344 2663 1376 2726 b.
1399 2661 1546 2741 Mariae)

142 2766 255 2829 usque
279 2751 322 2812 ad
345 2766 478 2812 annum
500 2748 565 2813 690
587 2767 620 2828 p.
644 2750 725 2814 Chr.
749 2749 844 2832 Opus
866 2753 985 2814 nuliius
1009 2755 1107 2830 pretii.

250 2919 322 3002 tte
752 2921 781 3000 I.
809 2923 859 2998 D.
886 2925 922 2998 9.

140 3061 251 3124 ciart.
275 3078 363 3124 socc,
387 3059 586 3125 XIV-XV
596 3060 645 3143 ss.
669 3062 708 3126 91
735 3079 839 3138 num„
860 3061 1006 3125 30><22
1029 3079 1091 3128 cm.
1116 3061 1148 3125 d.
1172 3079 1216 3123 m.

250 3183 270 3244 i.
300 3186 332 3244 1⁰
357 3183 571 3262 consignatio
595 3189 823 3246 contentorum
846 3200 946 3245 manu
970 3201 1056 3246 saec.
1081 3182 1149 3245 XV.

141 3283 650 3447 ἰῃἱο17.1ἐ)ῑ’-407Ειιειιιςοῐίει
677 3287 854 3365 Matthaei,
883 3287 1003 3365 Marci,
1034 3288 1148 3351 Lucae
1179 3289 1269 3362 (cum
1300 3289 1386 3348 notis
1408 3289 1543 3365 margin.

250 3473 271 3535 i.
295 3475 456 3540 ‹tlt—43a
478 3476 656 3541 Sermones
678 3484 744 3540 tres
767 3478 808 3540 de
831 3479 1016 3541 animabus.

251 3579 272 3640 i.
297 3577 456 3639 432-71·
486 3578 591 3643 Liber
619 3581 661 3643 de
691 3585 828 3659 septem
859 3579 1046 3644 timoribus
1068 3597 1132 3659 per
1153 3580 1323 3658 exempla.
1360 3578 1542 3659 »Quoniam

141 3667 215 3745 plus
250 3665 402 3744 exempla
434 3682 533 3747 quam
567 3669 667 3729 verba
700 3673 851 3730 movent«
878 3670 911 3726 ><
937 3671 1072 3729 »mirum
1106 3675 1167 3742 est,
1198 3671 1259 3730 nlsl
1300 3671 1411 3728 timeat
1433 3668 1541 3728 omnis

137 3753 238 3814 bomo
271 3799 374 3813 ...
406 3751 545 3832 Expicit
578 3756 656 3816 liber
690 3753 730 3815 de
765 3755 934 3816 timoribus
964 3755 1199 3833 septuplicibus
1233 3755 1318 3815 utilis
1349 3751 1540 3832 desperatis.

136 3837 270 3900 Nudum
294 3841 374 3900 latro
398 3845 583 3902 transmittit
606 3847 638 3902 et
659 3845 691 3902 in
715 3841 858 3902 obsesso
879 3845 934 3901 via
955 3845 1089 3920 pauperi
1113 3858 1180 3920 pax
1204 3847 1284 3902 est«

246 3941 266 4003 i.
293 3937 454 4004 ilb--72b
477 3941 624 4022 chtstra
646 3943 713 4005 duo
736 3947 844 4022 opens
867 3943 1102 4023 praecedentis.

245 4046 266 4108 i.
293 4041 452 4107 tae-77¹³
475 4045 653 4109 Sermones
676 4048 805 4127 aliquot.

246 4133 266 4196 l,
291 4133 333 4195 78
359 4132 476 4213 »Quod
499 4135 608 4213 triplici
633 4137 761 4196 racione
785 4132 937 4197 dicebant
959 4139 1044 4214 magi
1068 4139 1206 4213 primum
1231 4151 1359 4215 regem«
1386 4181 1392 4194 .
1418 4181 1424 4194 .
1451 4179 1457 4192 .

246 4220 266 4281 i.
291 4219 333 4280 79
359 4217 476 4300 »Quod
499 4225 600 4282 virtus
628 4227 680 4282 est
702 4221 814 4282 melior
836 4238 935 4302 quam
959 4221 1047 4282 bona
1069 4237 1218 4300 operas<¹

246 4305 267 4368 i.
291 4301 452 4368 aot-81¹³
479 4305 546 4368 »Do
570 4307 861 4369 commendacione
884 4311 1040 4370 virtutis«

246 4410 266 4472 t.
291 4405 452 4472 82ι-85δ
473 4409 626 4490 (Milicii)
646 4410 769 4474 Sermo
799 4411 999 4490 synodalis:
1032 4409 1146 4474 »Grex
1165 4408 1462 4490 perustus-tactus
1485 4413 1542 4492 eet

136 4497 288 4576 populus
323 4513 442 4560 meus«
480 4501 512 4556 ><
549 4502 621 4578 »qui
656 4513 718 4559 nos
753 4513 961 4578 unocumque
994 4513 1093 4577 grege
1123 4514 1186 4560 suo
1220 4497 1354 4559 reducat
1382 4496 1425 4557 ad
1453 4496 1538 4557 ovile

137 4585 276 4646 ecclesie
300 4591 331 4646 et
354 4583 488 4646 demum
512 4585 554 4646 ad
578 4589 713 4664 patriam
737 4586 852 4646 salutis
875 4589 993 4645 eterne.
1018 4583 1082 4664 Qui
1103 4589 1183 4646 vivit
1205 4633 1212 4647 .
1238 4607 1265 4646 ,ι

246 4687 266 4748 i.
291 4685 452 4750 tob-862
476 4687 576 4750 Alter
598 4701 716 4750 sermo
738 4685 921 4766 cynodtlis
951 4685 1106 4766 (Millcii)
1130 4701 1268 4748 mancus
1291 4687 1324 4748 ln
1347 4685 1423 4748 tine.
1461 4683 1539 4746 »Sa-

136 4775 579 4940 {bedmoaetrsncfnoempsemm
601 4775 703 4852 legem
729 4790 855 4835 meam«
882 4775 914 4830 ><
941 4791 1081 4836 »nomen
1105 4777 1191 4835 enim
1214 4773 1266 4834 dei
1290 4787 1430 4853 pervus
1454 4771 1539 4833 bites

245 4963 266 5026 i.
291 4962 453 5027 Stil—87¹
480 4963 638 5044 »Questio
661 4964 702 5025 de
726 4969 842 5026 sancta
864 4979 999 5025 cruce‹:
1026 4961 1187 5043 »Quidam
1211 4961 1392 5040 discipulus
1408 4964 1539 5024 interro·

135 5057 224 5132 gavit
247 5053 400 5113 abbatem
424 5066 551 5113 suum«

822 5273 856 5324 53
