3856 5974
1027 443 1107 506 1497

471 651 492 712 i.
517 647 597 712 244t
620 650 746 712 Versus
770 655 899 730 satyrici
924 653 964 712 de
988 651 1133 732 quodam
1157 649 1312 714 Conrado
1336 657 1495 711 emortuo.

468 741 617 807 Codicem
641 741 691 813 qui
714 742 783 797 olim
807 747 868 798 erat
890 743 1007 813 collegii
1031 741 1166 797 Nationls
1188 737 1385 797 Bohemorum
1408 742 1464 796 sub
1480 742 1556 812 sign.
1575 740 1610 812 Q,
1628 739 1669 796 43
1690 739 1776 811 (Cat.

364 829 488 889 Rudnic.
512 845 541 900 p.
569 828 651 899 173),
675 845 786 885 recens.
811 827 940 897 scholis,
964 832 1078 886 Canon.
1102 827 1253 884 Handsch.
1276 845 1305 899 p.
1335 827 1382 882 39.

468 996 564 1077 1497
809 995 911 1072 VIII.
941 997 989 1072 D.
1017 997 1051 1071 2.
1081 1011 1126 1078 (Υ.
1145 1011 1181 1064 11.
1200 1013 1225 1066 a.
1245 1028 1270 1063 n.
1283 1015 1321 1077 3.)

368 1137 476 1198 chart.
499 1153 588 1198 saec.
609 1131 806 1198 XIV-XV
818 1136 860 1218 ff.
884 1137 958 1213 170,
981 1137 1060 1200 295
1071 1135 1167 1216 ><22
1179 1155 1241 1198 ern.
1266 1137 1296 1197 d.
1321 1153 1366 1198 m.

472 1256 495 1318 f.
523 1253 661 1318 ll-39b
694 1256 884 1320 Sermones
919 1259 961 1320 de
995 1265 1154 1336 ternpore
1187 1264 1337 1320 carentes
1367 1261 1457 1319 initio
1492 1257 1594 1332 (dom.
1632 1256 1657 1317 ll
1695 1267 1778 1335 post

368 1348 478 1418 trinit.)
504 1345 695 1406 »consilium
719 1359 841 1418 meum,
872 1345 961 1423 quod
985 1345 1060 1406 dedi
1084 1345 1198 1406 vobis«
1225 1346 1258 1401 ><
1280 1344 1383 1420 (dom.
1407 1349 1517 1418 trinit.)
1553 1344 1646 1404 »ideo
1669 1361 1779 1404 evan-

364 1434 484 1511 gelium
508 1432 609 1493 homo
633 1430 765 1509 quidam
791 1435 870 1491 etc«

474 1517 493 1578 l.
518 1516 704 1579 iol—122¹
736 1515 781 1580 Μ.
815 1515 983 1580 Matthaei
1017 1519 1060 1580 de
1094 1517 1267 1580 cracovia
1309 1517 1497 1580 Sermones
1542 1517 1584 1579 de
1627 1516 1777 1578 sanctis.

368 1605 572 1666 ›Ambulans
595 1604 696 1666 Jesus
719 1607 811 1666 iuxta
833 1621 923 1668 mare
946 1603 1087 1666 Galilee«
1116 1603 1144 1668 ><
1174 1611 1228 1666 -ut
1250 1609 1466 1683 penitenciam
1491 1611 1640 1682 quereret
1655 1621 1778 1682 pecca-

366 1695 505 1753 torum«.
530 1691 615 1765 (Alia
638 1695 771 1764 manu:)
798 1690 949 1752 »Postilla
970 1689 1053 1770 Mgri
1075 1689 1197 1753 Mathel
1210 1691 1250 1752 de
1263 1689 1444 1766 Cracowia‚
1457 1690 1586 1769 plebani
1599 1691 1777 1769 quondam

365 1782 397 1839 in
422 1777 501 1838 beta
524 1775 623 1839 Curia
646 1777 778 1854 Frage«

474 1864 494 1926 l.
523 1861 725 1925 123l--170b
748 1862 944 1943 (Iohannes
978 1863 1086 1926 Kortz
1115 1860 1245 1946 dictus)
1278 1861 1507 1925 »Contractus
1539 1865 1582 1924 de
1616 1863 1774 1924 sanctis«

366 1950 596 2029 (Sermones).
624 1947 678 2012 »Sl
695 1967 820 2011 moram
837 1950 957 2025 lecerit,
980 1956 1155 2029 exspecta<
1182 1953 1214 2008 ><
1238 1949 1449 2029 (subscriptio
1474 1967 1594 2029 magna
1616 1967 1658 2011 ex
1682 1958 1779 2028 parte

365 2039 489 2107 evulsa,
514 2043 623 2098 tamen
647 2038 779 2115 legitur:
803 2035 1000 2098 Contractus
1023 2054 1081 2116 per
1102 2053 1222 2098 manus
1244 2035 1349 2098 Welis
1374 2088 1379 2098 .
1406 2083 1412 2096 .
1437 2041 1459 2110 .t

472 2125 626 2198 Operculis
657 2127 817 2198 adligatum
850 2133 894 2182 est
925 2127 1116 2198 fragmentum
1148 2127 1333 2183 instrumenti
1356 2127 1437 2198 publ.
1462 2133 1556 2182 notar.
1580 2125 1685 2182 Crucis
1710 2132 1776 2181 nati

366 2214 519 2285 quondam
543 2212 693 2270 Benedicti
716 2213 800 2269 lloch
824 2214 859 2268 de
882 2212 1013 2269 Miliczin
1036 2215 1274 2284 recognoscentis
1297 2211 1509 2269 Wenceslaum
1524 2212 1626 2270 Jacobi
1650 2215 1688 2268 de
1715 2212 1780 2268 llo-

369 2299 496 2358 rzowicz
512 2302 714 2372 presbyterum
731 2299 893 2356 instituisse
917 2315 1024 2356 causae
1048 2316 1120 2356 suae
1142 2306 1346 2371 procuratores
1370 2316 1396 2357 a.
1425 2299 1516 2357 1405.
1539 2299 1573 2355 In
1595 2299 1689 2356 honte
1705 2300 1727 2357 i.
1748 2301 1782 2354 1·

368 2402 459 2442 manu
483 2401 562 2444 saec.
585 2385 668 2442 XVII
691 2387 778 2442 etiarn
801 2385 958 2443 Sermones
982 2388 1017 2441 de
1040 2394 1168 2458 tempore
1192 2387 1389 2443 attribuuntur
1403 2385 1553 2443 Matthaeo
1570 2384 1779 2442 cracoviensi.

370 2472 451 2530 Nota
474 2478 504 2528 in
527 2475 665 2545 operculo
688 2475 853 2544 superiore:
881 2473 940 2530 »De
963 2473 1142 2529 Bethleem«.

473 2639 571 2721 1499
828 2640 931 2717 VIII
958 2643 1006 2717 D.
1033 2642 1069 2717 3.
1098 2657 1142 2722 (r.
1156 2657 1192 2709 ιι.
1207 2659 1230 2708 1.
1244 2673 1270 2708 a.
1287 2659 1325 2719 a,

370 2781 478 2846 chart.
500 2798 589 2844 saec.
611 2779 734 2863 XVff.
757 2781 824 2845 286
844 2799 949 2856 num„
971 2781 1116 2845 31><22
1137 2799 1200 2843 cm.
1224 2782 1243 2843 1
1267 2799 1311 2842 m.

365 2902 478 2967 Biblia
502 2919 605 2966 sacra
627 2902 844 2966 continentia
876 2902 1091 2966 Testamenti
1120 2901 1260 2965 Veteris
1289 2901 1400 2964 libros
1423 2900 1660 2980 sapientores,
1684 2899 1780 2964 Novi

477 3079 510 3134 In
534 3080 628 3134 fronte
652 3078 672 3138 l.
700 3079 752 3135 17·
774 3085 946 3136 annotatum
971 3007 1128 3136 eiimliilfi'sti
1159 3078 1322 3136 Iohannem
1358 3080 1393 3133 de
1428 3077 1589 3148 Rolrycano
1620 3095 1648 3132 a.
1684 3078 1778 3140 1459,

368 3182 436 3222 cum
461 3172 538 3222 esset
561 3172 656 3221 rector
677 3165 888 3236 universitatis,
911 3167 1020 3224 librum
1044 3168 1206 3238 sapientiae
1222 3166 1418 3238 praedicando
1435 3167 1621 3234 exposuisse.
1645 3162 1726 3219 Nota
1748 3164 1778 3218 in

369 3253 508 3325 operculo
547 3257 711 3323 superlore:
754 3250 857 3308 »Liber
901 3255 1066 3310 nacionis«,
1110 3252 1204 3309 Vetus
1250 3253 1326 3324 sign.
1372 3253 1558 3307 concordans
1604 3266 1672 3306 cum
1720 3267 1779 3322 reg.

368 3337 491 3398 Rudnic.
515 3339 551 3408 A,
576 3339 605 3396 3.

473 3505 567 3587 1499
837 3505 940 3583 VIII.
969 3507 1017 3582 D.
1044 3507 1080 3582 4.
1109 3525 1154 3582 (Υ.
1172 3526 1207 3577 rr.
1227 3527 1250 3577 2.
1271 3543 1296 3578 η.
1311 3529 1365 3582 rat

374 3647 483 3710 chart.
509 3667 541 3710 a.
565 3647 651 3710 1409
664 3646 715 3727 ff.
738 3648 792 3722 99,
812 3648 854 3710 31
869 3647 954 3710 ><21
979 3665 1042 3710 cm.
1065 3648 1083 3709 1
1109 3667 1154 3710 m.

885 3766 1071 3847 Expositio
1093 3769 1265 3832 Psalterii.

480 3856 501 3917 1.
529 3855 563 3916 1⁰
597 3855 737 3916 »Beatus
771 3860 820 3915 vir
853 3861 913 3916 etc.
945 3853 1029 3917 Cum
1061 3873 1179 3918 omnes
1210 3859 1387 3936 prophetas
1417 3863 1549 3920 constet
1603 3858 1643 3936 ><
1669 3856 1690 3918 1.
1722 3855 1783 3916 99³

377 3947 505 4003 »omnis
537 3945 669 4020 spiritus
705 3943 827 4004 scilicet
860 3945 1030 4022 angelicus
1060 3945 1171 4005 laudet
1193 3945 1375 4006 dominum.
1399 3947 1515 4006 Amen.
1540 3945 1678 4005 Alleluia
1706 3988 1714 4003 .
1742 3994 1780 4003 ..

372 4027 551 4107 Exposiclo
575 4033 685 4090 textus
709 4029 850 4107 psalterii
880 4030 1090 4091 solummodo
1121 4035 1152 4091 in
1177 4033 1237 4091 illis
1260 4033 1478 4093 amminiculis
1502 4037 1693 4093 sanctorum
1724 4029 1782 4089 do-

372 4121 497 4176 ctorum
523 4123 754 4177 consummata
766 4120 798 4176 in
822 4116 874 4176 die
899 4114 1049 4177 Damiani
1074 4115 1130 4178 ier.
1155 4115 1205 4178 Vl.
1223 4124 1298 4179 ante
1315 4117 1434 4179 ieshrm
1453 4135 1480 4180 s.
1497 4117 1691 4178 Wenceslai
1718 4118 1781 4176 sub

369 4219 399 4263 a.
426 4200 510 4264 1409
536 4253 541 4263 .
569 4253 572 4262 .
600 4247 606 4261 .
631 4206 662 4262 in
687 4201 874 4282 Knyhnycz
898 4219 955 4280 per
976 4207 1112 4277 (nomen
1137 4205 1253 4265 librarii
1276 4206 1379 4266 cultro
1403 4210 1553 4266 excisum
1570 4209 1647 4278 est).
1675 4203 1717 4264 Et
1734 4209 1780 4264 sic

369 4295 421 4349 est
444 4289 529 4350 linis.
554 4287 626 4350 Deo
649 4293 785 4367 gracias.
809 4287 882 4350 Talr
906 4290 995 4351 buoh
1020 4289 1086 4370 day
1108 4307 1129 4350 a
1152 4291 1319 4370 pomahay
1341 4309 1398 4371 my
1422 4292 1512 4371 myly
1536 4293 1657 4352 buch«

477 4458 574 4541 1599
851 4459 952 4536 VIII.
979 4461 1027 4536 D.
1055 4461 1091 4536 5.
1119 4477 1167 4542 (r.
1186 4477 1222 4528 rr.
1242 4479 1266 4529 2.
1285 4494 1311 4531 n.
1328 4479 1386 4544 aa.)

378 4600 484 4661 chart.
507 4617 594 4662 saec.
617 4599 687 4663 XV
700 4601 742 4682 ff.
765 4602 817 4678 65,
840 4602 1043 4665 tomi-5
1053 4619 1117 4666 cm.
1141 4604 1158 4665 1
1185 4621 1229 4665 m.

370 4719 523 4784 Thomae
547 4724 588 4784 de
612 4722 751 4800 Aquino
786 4721 1067 4785 Commentarius
1102 4724 1138 4785 in
1171 4725 1310 4788 Boethii
1338 4726 1447 4786 libros
1470 4723 1512 4785 de
1535 4723 1781 4787 consolatione

373 4808 617 4887 philosophiae
640 4811 722 4871 cum*
740 4810 950 4889 praeambulo
963 4811 1134 4872 cuiusdam
1153 4817 1295 4892 magistri
1309 4811 1520 4890 (Pragensis),
1533 4815 1589 4889 qui
1602 4830 1632 4872 a.
1651 4810 1781 4880 1455131

373 4895 472 4956 libros
497 4894 622 4958 Boethii
649 4897 710 4956 »ad
734 4898 998 4958 consolacionem
1023 4915 1204 4977 pauperum
1229 4899 1444 4960 scholarium
1471 4898 1579 4975 legere
1605 4901 1735 4976 incepit.

1046 5121 1096 5171 552
