3820 5966
794 555 853 616 521

227 761 382 837 Operculis
406 766 534 835 adligata
546 770 615 820 sunt
631 764 791 835 fragmenta
807 766 967 821 membran.
984 765 1140 820 cuiusdam
1156 768 1222 822 cod.
1239 764 1419 820 XIII-XIV
1431 781 1521 836 saec„

122 861 280 908 comment.
305 855 334 907 in
359 853 450 908 biblia
473 853 662 910 continentis.

226 1020 296 1101 518
573 1019 643 1096 HI.
672 1021 712 1094 F.
741 1021 801 1094 15.
823 1035 908 1099 (121.
928 1038 951 1088 r.
972 1035 1082 1096 arra.)

121 1161 309 1223 membran.
333 1179 420 1224 saec.
444 1159 662 1224 XIII-XIV
679 1161 716 1242 ff.
732 1160 806 1232 307,
819 1161 858 1221 21
874 1163 905 1216 ><
918 1161 961 1222 16
984 1177 1047 1221 cm.
1070 1161 1088 1220 1
1114 1177 1157 1220 m.

119 1282 306 1346 Raimundi
341 1286 383 1346 de
415 1283 627 1346 Pennaforte
660 1284 804 1344 Summa
830 1284 872 1344 de
901 1282 1115 1360 poenitentia
1137 1287 1172 1344 et
1195 1282 1419 1346 matrimonio
1443 1302 1523 1346 cum

612 1370 740 1448 glossis
774 1369 1033 1447 marginalibus.

208 1457 228 1516 1.
258 1459 290 1516 11
313 1461 421 1530 (rubr.)
448 1457 553 1518 »Iuste
577 1458 685 1518 iudica
707 1462 855 1536 proximo
879 1463 944 1517 tuo.
969 1455 1082 1533 Incipit
1113 1471 1278 1516 summam
1301 1461 1377 1532 (sic)
1402 1459 1442 1518 de
1467 1477 1520 1536 pe-

119 1548 261 1604 nitencia
297 1563 317 1604 a
347 1561 431 1622 mag.
465 1544 648 1604 Raimundo
679 1548 891 1622 composita«
918 1543 994 1603 ><1.
1020 1541 1100 1602 2971
1126 1547 1230 1603 »sicut
1252 1544 1293 1602 ibi
1318 1543 1440 1605 dicitur.
1466 1550 1524 1618 (re-

118 1635 243 1688 centiori
267 1638 389 1704 manuz)
413 1631 550 1708 Explicit
574 1647 705 1691 summa
728 1647 813 1708 mag.
850 1629 1034 1708 Raymundi
1065 1630 1105 1689 de
1130 1631 1264 1690 casibus
1289 1636 1398 1707 magni
1422 1639 1453 1692 et
1476 1633 1489 1693 1
1511 1667 1521 1676 -

119 1721 204 1777 mosi
237 1718 362 1794 jun'ste.
398 1722 521 1778 utinam
557 1735 667 1777 coram
692 1717 826 1778 domino
849 1717 946 1777 lesu«
974 1723 1096 1790 (cetera
1120 1717 1266 1777 radendo
1290 1717 1396 1781 deleta
1420 1725 1521 1792 sunt.)

229 1802 249 1862 1.
275 1804 445 1865 298-302
469 1805 610 1864 chartac.
643 1803 825 1880 Registrum
858 1804 1097 1881 alphabeticum
1130 1807 1298 1863 recentiori
1322 1821 1422 1865 manu
1445 1823 1521 1866 exa-

118 1897 236 1950 ratum.

225 1997 364 2054 Codicem
388 2011 499 2054 recens,
524 1997 653 2061 Schulte,
679 1996 793 2052 Canon.
816 1997 967 2056 Handsch.
980 2014 1007 2066 p.
1031 1998 1084 2054 47.
1117 1995 1262 2066 Operculo
1286 2012 1382 2067 super.
1408 1999 1519 2068 adliga-

117 2093 177 2138 tum
216 2092 261 2139 est
299 2085 456 2141 membran.
492 2084 540 2138 iol.
576 2085 733 2140 calendarii
769 2100 847 2143 saec.
869 2083 947 2150 XIV,
982 2085 1013 2138 in
1048 2098 1106 2153 quo
1138 2083 1249 2139 mensis
1272 2083 1378 2138 Junius
1404 2087 1518 2142 bohenr.

119 2170 368 2240 »Cyerwenecz«‚
393 2170 489 2225 Julius
515 2169 679 2240 »Cyrwen«
706 2172 876 2241 appellatur,
911 2169 961 2226 VI.
985 2169 1042 2228 Jut.
1068 2171 1172 2224 festum
1199 2185 1243 2229 »s
1267 2171 1411 2226 lobannis
1435 2173 1517 2228 Hus«

117 2273 208 2312 manu
234 2273 311 2314 saec.
335 2256 390 2311 XV
414 2259 593 2327 adscriptum
617 2265 670 2312 est.

224 2424 295 2505 519
582 2425 656 2500 III.
683 2425 723 2498 F.
752 2425 812 2498 16.
842 2440 885 2489 rl'.
907 2440 941 2490 ΙΙ.
959 2443 984 2490 5.
1004 2455 1030 2489 n.
1050 2441 1103 2503 rr.)

115 2567 228 2627 chart.
252 2585 338 2627 suec.
362 2565 430 2627 XV
451 2584 496 2628 ex.
513 2563 561 2644 sf.
585 2565 661 2639 162,
683 2565 722 2625 21
739 2565 860 2624 ><15·5
881 2583 954 2634 con,
978 2565 995 2625 1
1021 2583 1064 2624 m.

471 2687 659 2750 Sermones
690 2685 820 2747 diversi
855 2685 905 2763 (in
929 2683 999 2746 fine
1022 2685 1162 2763 manci).

223 2793 255 2848 In
279 2794 419 2851 schedula
442 2794 580 2865 operculo
605 2809 700 2864 super.
726 2793 909 2862 adglutinata
941 2794 987 2847 hic
1010 2793 1113 2848 titulus
1136 2795 1280 2848 occurrit:
1322 2793 1516 2848 »Sermonum

113 2897 182 2952 pars
209 2881 343 2936 hiemalis
367 2897 454 2952 super
477 2882 649 2952 epistolas«,
673 2880 850 2934 intrinsecus
874 2895 941 2934 vero
973 2881 1003 2934 in
1033 2879 1083 2936 sol.
1118 2881 1279 2951 praeligato
1317 2881 1383 2936 hio:
1431 2881 1518 2936 »Pars

115 2968 249 3023 estivalis
273 2969 488 3038 evangeliorum
512 2975 540 3022 et
563 2969 785 3039 epistolarum«.
831 2966 904 3021 Cum
940 2967 1037 3022 desint
1072 2968 1203 3021 rubricae
1228 2972 1256 3021 et
1279 2967 1401 3036 indices,
1439 2969 1518 3022 dictu

115 3055 236 3109 difficile
260 3063 312 3122 est,
337 3063 400 3109 uter
421 3061 517 3109 rectus
542 3055 588 3113 sit.
614 3054 746 3108 Mihimet
770 3055 886 3108 videtur
911 3061 1018 3109 neuter.
1043 3052 1073 3110 F.
1101 3047 1157 3108 901
1182 3055 1294 3125 respice
1319 3061 1419 3108 notam
1445 3069 1519 3108 mar-

114 3143 193 3210 gin:
235 3140 373 3197 »Predica
390 3141 501 3198 1494«.
526 3140 717 3196 Sermonibus
740 3145 852 3210 passim
877 3141 1001 3195 insertae
1025 3146 1095 3195 sunt
1118 3155 1208 3194 voces
1233 3141 1412 3197 bohemicae.

223 3307 303 3389 52⁰
568 3307 638 3383 11].
670 3310 709 3383 F.
741 3309 802 3384 17.
834 3323 878 3387 (r.
898 3324 919 3374 1.
940 3325 1081 3390 aare)

116 3449 228 3508 chart.
252 3465 339 3509 saec.
362 3447 433 3509 XV
438 3447 484 3530 ff
509 3449 572 3511 mo
595 3466 694 3519 natm„
718 3451 837 3510 21·5><
850 3449 892 3510 16
915 3465 977 3509 cm.
1002 3449 1032 3508 d.
1057 3465 1101 3508 m.

112 3569 300 3648 Expositio
335 3571 562 3649 epistolarum
597 3572 842 3633 canonicarum
878 3587 925 3631 ss.
970 3568 1092 3631 Jacobi
1127 3575 1162 3631 et
1195 3569 1287 3631 Petri
1311 3568 1451 3647 (magna
1475 3587 1519 3632 ex

575 3663 674 3734 parte
696 3657 738 3719 M.
763 3657 935 3720 Jobannis
957 3657 1056 3728 Hus).
1469 3663 1470 3669 ’

225 3759 246 3820 1.
274 3763 306 3820 11
334 3759 424 3822 »Non
448 3765 492 3822 ita
514 3763 594 3820 ordo
618 3768 669 3821 est
691 3768 769 3840 aput
791 3779 925 3839 grecos«
963 3795 1006 3804 —
1042 3761 1095 3822 »ln
1119 3761 1182 3821 hoc
1207 3761 1342 3838 prologo
1366 3761 1396 3821 b.
1421 3760 1513 3821 Jem-

111 3853 225 3908 nimus
249 3847 370 3907 reddit«
397 3850 430 3906 ><
453 3848 472 3908 1.
502 3849 576 3908 1861
601 3851 727 3920 (absolv.
753 3867 854 3922 expos.
880 3851 953 3906 Petri
977 3867 1082 3907 canon.
1108 3849 1134 3921 Ι)
1175 3849 1299 3908 »Amen
1323 3853 1374 3908 est
1397 3849 1514 3908 confir·-

112 3939 223 3994 macio
247 3937 490 4011 premissorum.
515 3936 578 4013 Ipsi
602 3952 679 4012 ergo
703 3935 790 3995 dom.
815 3933 840 3995 J.
866 3933 940 3996 Chr.
966 3935 1038 3994 laus
1062 3941 1093 3994 et
1116 3935 1218 4012 gloria
1242 3939 1283 3994 sit
1306 3941 1385 3995 etc«

220 4039 252 4095 ln
269 4042 439 4096 membrana
453 4042 612 4112 praeligata
628 4043 754 4096 occurrit
777 4049 863 4097 nota:
890 4041 963 4098 »Hic
985 4043 1107 4096 habetur
1130 4041 1281 4112 exposicio
1306 4043 1515 4097 canonicarum

110 4128 316 4198 epistolarum,
341 4143 397 4198 que
420 4127 496 4182 vicio
520 4128 639 4199 ligantis
663 4128 759 4183 taliter
782 4136 850 4184 sunt
873 4129 970 4197 ligate.
1007 4129 1101 4183 Primo
1133 4130 1278 4184 canonica
1301 4127 1413 4186 Jacobi.
1461 4129 1513 4184 Se-

112 4215 216 4269 cundo
239 4219 385 4269 canonica
407 4215 538 4270 secunda
560 4213 644 4270 Petri.
658 4213 769 4284 ,Tercio
785 4231 836 4285 per
851 4231 974 4271 errorem
990 4215 1083 4285 prima
1099 4213 1173 4269 Petri
1186 4215 1284 4270 linaiis
1302 4215 1349 4269 hic
1362 4215 1513 4273 hebetum«

111 4299 227 4356 Ibidem
252 4317 339 4355 manu
364 4301 532 4362 recentiori:
559 4300 708 4356 »Fratrum
733 4301 945 4357 Celestinorum
967 4303 997 4355 in
1022 4301 1167 4372 OijwiJ'n.‹

222 4466 290 4548 521
569 4467 641 4546 III.
671 4471 711 4545 F.
731 4470 791 4544 18.
820 4487 865 4550 (Y.
885 4485 905 4536 1.
926 4489 949 4537 r.
968 4501 993 4536 a.
1014 4487 1066 4548 aa.)

111 4607 224 4669 chart.
249 4625 282 4668 a.
306 4607 392 4670 1430
404 4606 454 4686 ff.
479 4607 552 4684 149,
574 4610 613 4671 21
630 4610 753 4672 ><15·5
773 4627 834 4671 cnr.
859 4609 875 4670 1
903 4627 946 4669 m.

213 4727 348 4791 Nicolai
372 4731 413 4790 de
437 4729 516 4793 Lira
537 4731 685 4793 Postilla
707 4747 812 4809 super
834 4731 1015 4793 duodecim
1040 4733 1227 4809 prophetas
1252 4731 1414 4792 minores.

224 4832 244 4894 1.
270 4834 308 4893 21
330 4838 436 4908 (rubr.)
462 4833 592 4913 »Incipit
615 4837 770 4914 prologus
804 4834 901 4896 Osee.
937 4839 1018 4908 (atr.)
1065 4835 1247 4896 Duodecim
1284 4835 1514 4912 prophetarum

111 4939 195 4980 ossa
218 4922 381 4999 pululant«
409 4923 441 4978 ><
465 4921 486 4982 1.
514 4921 590 4982 1191
616 4924 758 4983 »scilicet
781 4926 979 5000 sempiterna
1002 4922 1167 4993 lruicione‚
1201 4938 1300 4999 quam
1324 4920 1420 4982 nobis
1437 4938 1514 4982 con-

110 5009 210 5068 cedat
232 5013 292 5068 etc.
318 5007 457 5086 Explicit
479 5009 608 5086 postilla
630 5007 752 5070 Nicolai
777 5010 817 5068 de
842 5007 913 5068 Lira
937 5025 1036 5087 super
1059 5009 1232 5069 duodecim
1257 5009 1433 5087 prophetas
1457 5012 1514 5068 mi·

791 5231 841 5284 205
