3830 5966
1054 538 1135 600 1324

495 744 515 805 f.
543 747 576 805 1⁸
599 745 729 824 (initium
752 745 874 820 comm.)
908 743 1022 807 »Circa
1044 749 1175 807 inicium
1200 745 1293 806 Alani
1317 745 1358 805 de
1382 747 1514 823 planctu
1537 751 1652 804 nature
1676 751 1812 804 notan·

391 831 488 892 dum«
516 833 548 888 ><
571 831 591 892 i.
621 829 697 893 1371’
736 831 795 892 »de
819 835 913 893 cuius
937 832 1026 893 sonte
1051 839 1279 894 manarunt..
1300 881 1306 894 .
1327 879 1333 891 .
1358 829 1428 892 Sub
1451 849 1480 891 a.
1507 829 1589 891 1443
1612 830 1670 890 fer.
1698 835 1813 890 tercia

391 923 539 998 proxima
562 925 637 997 post
660 917 779 980 festum
804 917 973 980 Michaelis
997 937 1054 997 per
1077 935 1197 981 manus
1219 923 1333 980 nescio
1357 923 1470 980 cuius«
1498 919 1583 997 (sic).

495 1070 600 1151 1324
976 1071 1055 1149 Vll.
1084 1072 1123 1146 F.
1151 1075 1186 1148 5.

389 1195 496 1257 chart.
519 1212 605 1256 saec.
630 1193 716 1256 XIV
735 1213 781 1256 ex.
804 1196 842 1277 θ.
865 1194 940 1270 102,
962 1197 1002 1258 21
1019 1195 1138 1258 ><15·5
1158 1215 1221 1258 cm.
1246 1197 1276 1258 d.
1301 1215 1345 1258 m.

475 1316 494 1378 s.
524 1315 655 1376 l·—2li
689 1315 884 1394 Fragmenta
921 1319 1153 1395 opusculorum
1188 1317 1393 1396 quorundam
1418 1320 1561 1376 carentia
1583 1320 1684 1388 initio,
1710 1332 1807 1393 quae

389 1405 420 1463 in
444 1403 465 1464 i.
489 1404 526 1465 21
555 1409 702 1464 truncato
727 1407 773 1463 sic
796 1404 1031 1465 absolvuntur:
1059 1404 1215 1483 »Explicit
1239 1403 1407 1465 secundus
1423 1404 1501 1463 liber
1514 1404 1805 1482 soliloquiorum«.

493 1489 512 1549 i.
537 1488 698 1550 tte-43¹
725 1489 926 1553 »Summula
948 1491 1104 1552 rudium«
1131 1490 1362 1553 sacerdotum.
1390 1489 1494 1568 »Quia
1509 1494 1598 1550 varia
1612 1491 1702 1550 dicta
1719 1505 1806 1548 san-

390 1583 534 1636 ctorum«
562 1577 594 1634 ><
617 1581 695 1652 (cap.
722 1580 760 1636 33
785 1595 874 1636 casus
896 1581 1032 1653 papales)
1065 1595 1141 1657 »pro
1177 1583 1347 1656 parentum
1373 1579 1616 1656 percussione·
1642 1573 1806 1648 (Schulte

390 1678 455 1723 non
480 1661 665 1741 recensuit).

491 1749 511 1810 i.
535 1747 697 1810 4131)--45ι
724 1748 852 1812 ·Dolus
875 1749 1013 1812 mundi«
1049 1749 1216 1828 (Carmen
1238 1749 1442 1829 vagantium
1464 1749 1680 1811 scholarium
1704 1747 1800 1808 edid.

393 1833 516 1908 titillet,
541 1833 656 1914 Script.
681 1853 740 1898 rer.
764 1839 838 1900 hus.
862 1836 897 1910 ll,
921 1837 986 1914 51).

492 1921 512 1982 i.
536 1923 596 1982 45⁸
618 1921 864 2000 Fragmentum
892 1923 1064 1986 »Occulti«
1092 1922 1230 1985 Nicolai
1252 1924 1294 1986 de
1316 1923 1420 1984 Bibra
1442 1923 1507 1996 (ed.
1532 1922 1677 1994 ibidem).

492 2009 511 2069 i.
536 2008 695 2069 462-80·
731 2008 892 2090 Dionysii
931 2009 1078 2073 Catonis
1115 2009 1238 2073 Ethica
1274 2010 1330 2088 (z
1343 2009 1515 2086 Disticha)
1554 2025 1634 2071 cum
1670 2006 1805 2084 glossa

389 2095 581 2172 marginali.
608 2093 771 2157 ›Seneca:
797 2095 830 2157 Si
855 2103 884 2158 te
909 2098 1056 2159 moribus
1080 2103 1111 2157 et
1126 2097 1298 2158 virtutibus
1315 2099 1504 2157 lactaveris«
1523 2093 1667 2168 (textuszl
1689 2092 1802 2155 »Cum

389 2182 700 2243 animadverterem«
727 2185 759 2240 ><
785 2189 978 2245 »consorcio
1003 2188 1091 2262 regni
1115 2187 1293 2262 polorum«
1320 2181 1461 2257 (Textus
1485 2199 1551 2243 non
1575 2189 1625 2241 est
1642 2186 1803 2258 integer.)

492 2267 511 2328 i.
536 2268 698 2330 tiit-94i
724 2269 980 2332 »Auctoritates
996 2271 1287 2349 philosophorum
1300 2269 1492 2332 secundum
1504 2268 1662 2332 ordinem
1674 2269 1803 2346 alpha-

390 2354 490 2416 betia

493 2440 513 2501 i.
537 2440 700 2502 942-96s
723 2441 879 2522 (hienrici
910 2443 952 2505 de
982 2442 1129 2521 Hassia)
1161 2442 1347 2522 Speculum
1377 2443 1514 2504 animae
1546 2445 1639 2512 (alter
1661 2443 1803 2501 titulus:

388 2524 569 2590 'tractatus
592 2531 634 2590 de
657 2529 848 2591 christiana
869 2531 970 2608 vita).
1009 2528 1174 2592 »Onerant
1195 2533 1305 2592 anima
1328 2537 1377 2590 te«
1403 2531 1435 2588 ><
1463 2531 1625 2589 »ultimam
1651 2529 1805 2588 reducti-

389 2629 497 2674 onem.
523 2615 611 2676 Finis
636 2618 759 2694 speculi
783 2623 919 2678 anime«

493 2699 513 2762 i.
538 2698 722 2764 97b—100b
746 2703 904 2781 lingonis
929 2704 971 2766 de
994 2702 1128 2766 Folieto
1151 2701 1254 2765 Liber
1276 2703 1318 2765 de
1341 2702 1494 2765 claustro
1510 2702 1658 2762 animae.
1680 2700 1806 2762 »Intro-

390 2785 483 2850 duxit
506 2805 577 2848 me«
606 2791 636 2844 ><
664 2797 819 2869 »quartus
843 2792 1023 2852 beatorum.
1050 2790 1189 2869 Explicit
1212 2792 1389 2852 claustrum
1414 2793 1521 2850 anime
1545 2787 1730 2866 hugonis.-

494 2874 514 2935 i.
544 2872 748 2937 lOOb--1021’
771 2876 934 2957 Excerpta
957 2883 990 2938 et
1012 2877 1194 2955 fragmenta
1219 2877 1391 2956 quaedam.

497 3026 596 3108 1325
966 3030 1050 3106 Vll.
1079 3031 1118 3106 F.
1148 3031 1182 3104 6.

391 3167 500 3229 enarr.
523 3185 611 3232 saec.
633 3168 702 3230 XV
716 3171 754 3252 ff.
779 3171 852 3242 174,
877 3171 1022 3234 20><15
1042 3189 1105 3234 cm.
1130 3172 1151 3233 2
1177 3189 1222 3232 m.

492 3287 512 3350 i.
541 3289 696 3350 12-115·
719 3291 876 3368 (anepigr.)
908 3291 952 3355 Μ.
980 3291 1154 3355 Johannis
1177 3293 1253 3355 Hus
1277 3292 1465 3355 Sermones
1488 3292 1530 3354 de
1554 3291 1690 3355 sanctis
1715 3309 1801 3354 cum

388 3374 519 3452 glossis
542 3375 744 3439 bohemicis.
784 3377 904 3440 »Nolite
929 3381 1125 3442 arbitrari..
1147 3427 1179 3442 ..
1206 3379 1384 3458 Postquam
1409 3381 1553 3440 salvator
1587 3383 1659 3439 suis
1694 3379 1801 3440 disci·

391 3463 475 3538 pulis
499 3462 587 3522 dedit
610 3469 804 3542 potestatem
829 3466 1035 3544 predicandi«
1062 3469 1095 3523 ><
1122 3474 1172 3527 »et
1194 3468 1292 3527 ambo
1316 3473 1581 3528 conservamus«

492 3549 510 3609 s.
540 3549 741 3612 116Β-133α
765 3553 887 3615 Sermo
910 3552 952 3615 de
974 3553 1142 3630 passione
1173 3550 1316 3615 Christi.
1359 3553 1542 3631 »Egressus
1572 3551 1671 3612 Jesus
1705 3557 1798 3611 trans

390 3640 564 3696 torrentem
586 3683 592 3696 .
613 3683 619 3697 .
640 3683 673 3698 ..
710 3635 889 3707 carissimi,
924 3657 1023 3719 quam
1053 3645 1104 3700 vis
1138 3642 1293 3719 indignus
1327 3643 1507 3702 nunccius«
1544 3645 1580 3714 ><
1617 3639 1797 3700 »sedentes

389 3727 504 3782 contra
529 3724 746 3799 sepulcrum«

494 3807 514 3867 i.
543 3807 741 3870 133¹-171lb
777 3815 936 3888 (anepigr.)
971 3811 1014 3874 M.
1049 3812 1225 3875 Johannis
1256 3813 1333 3874 llus
1363 3812 1488 3875 Passio
1522 3810 1656 3874 Christi
1678 3827 1725 3872 ex
1746 3807 1796 3871 tv

390 3892 620 3972 evangelistis
644 3901 688 3970 (in
714 3897 778 3958 line
802 3901 961 3974 mutilata)
984 3899 1038 3974 (cf.
1063 3900 1136 3960 edit.
1161 3897 1365 3979 Norimberg.
1389 3899 1423 3960 ΙΙ.
1448 3898 1493 3978 9).

492 4001 527 4058 Α.
556 4003 636 4059 1609
661 4007 755 4060 codex
777 4013 838 4060 erat
861 4006 931 4062 bibl.
955 4006 1197 4078 Rosenberglcae,
1221 4013 1325 4078 postea
1349 4015 1477 4063 monast.
1502 4003 1737 4062 Borovanensis.

492 4152 585 4234 1326
963 4155 1047 4233 VII.
1074 4157 1114 4232 F.
1146 4159 1179 4234 7.

387 4282 495 4346 chart.
518 4302 606 4347 saec.
629 4283 718 4348 XVI
723 4286 771 4368 ff.
795 4287 861 4350 150
882 4305 985 4366 num,
1008 4288 1151 4351 20><14
1174 4307 1238 4350 cin.
1262 4289 1279 4350 1
1307 4307 1349 4350 m.

386 4393 488 4458 Vitae
511 4395 760 4475 imperatorum
783 4398 1018 4462 Rornanorum
1041 4399 1107 4464 ad.
1123 4399 1275 4464 Caesare
1286 4417 1399 4479 usque
1410 4403 1454 4463 ad
1469 4399 1751 4464 Maximilianum
1762 4397 1793 4460 11

387 4497 466 4544 cum
499 4481 708 4562 imaginibus
731 4488 924 4548 eorundem
945 4486 1140 4564 impressis
1170 4504 1216 4550 ex
1242 4487 1311 4550 alio
1339 4488 1489 4567 quodam
1516 4504 1623 4566 opere
1651 4487 1790 4548 sumtis.

490 4572 534 4628 Ex
559 4575 629 4631 bibl.
655 4591 730 4632 com.
755 4575 859 4647 Ignatii
883 4579 918 4632 de
942 4575 1100 4649 Stemberg
1121 4585 1171 4634 aut
1202 4593 1296 4634 novae
1327 4578 1521 4635 bibliothecae
1553 4576 1711 4634 Carolinae
1741 4585 1793 4631 aut

387 4661 544 4715 conventui
569 4659 762 4719 Hibernorum
787 4663 924 4734 Pragensi
947 4659 1042 4720 codex
1066 4667 1114 4720 hic
1137 4665 1250 4736 obtigit.

491 4792 593 4873 1327
964 4796 1048 4872 VH.
1076 4797 1117 4872 F.
1143 4799 1179 4873 8.

387 4915 577 4977 irtembran.
600 4933 687 4979 saec.
710 4916 798 4979 XIV
813 4919 851 5000 ff.
874 4919 949 4992 303,
973 4920 1050 4982 195
1062 4921 1182 4982 ><13·5
1203 4939 1265 4983 cm.
1287 4921 1307 4983 1
1326 4939 1372 4984 m.

799 5021 1017 5085 Breviarium
1041 5024 1086 5103 (in
1110 5023 1175 5086 line
1199 5025 1370 5106 mutilum).

1061 5249 1111 5297 508
