3844 5968
1054 525 1118 589 338

495 729 515 791 i.
544 726 740 793 lte—loli
763 731 939 796 Deutsche
964 733 1093 797 Gebete
1116 753 1159 796 zu
1182 737 1249 798 den
1271 736 1349 798 vier
1370 735 1619 815 Evangelisten
1633 738 1706 799 und
1729 755 1792 800 zur

385 813 516 877 Mutter
538 814 661 879 Gottes
695 820 806 897 (vergi.
839 819 927 882 Kelle
959 826 990 882 in
1021 821 1201 901 Serapeum
1239 822 1315 884 1861
1345 821 1378 886 S.
1403 823 1490 899 375).
1515 823 1647 898 (Preces
1670 827 1733 885 hae
1757 830 1790 886 in

387 900 452 963 tine
476 919 613 965 mancae
637 906 737 983 sunt.)

490 1072 575 1154 338
991 1081 1021 1156 I.
1048 1083 1099 1158 H.
1128 1083 1188 1158 12.

387 1212 495 1274 chart.
517 1231 607 1276 saec.
629 1215 734 1278 XVII
740 1217 788 1299 ff.
812 1219 886 1294 200,
910 1220 1044 1283 9·5><8
1066 1240 1129 1284 cm.
1155 1223 1186 1284 d.
1209 1241 1255 1285 m.

494 1334 788 1414 Antiphonarium
810 1358 890 1402 cum
914 1342 1007 1404 notis
1031 1343 1179 1406 musicis
1202 1348 1248 1417 (in
1271 1345 1335 1407 fine
1359 1350 1536 1417 mancum).

496 1424 539 1480 Ex
562 1428 691 1496 cartusie
713 1428 906 1490 Waldicensi.

491 1612 573 1693 339
990 1620 1020 1694 I.
1050 1619 1189 1695 1113.

387 1753 576 1815 membran.
598 1773 685 1818 saec.
708 1756 967 1842 XII-XIIIffi
991 1760 1066 1836 105,
1088 1761 1166 1823 165
1177 1760 1302 1822 ><11·5
1324 1779 1386 1822 cm.
1411 1762 1442 1823 d.
1465 1779 1510 1822 nr.

494 1875 681 1939 Sermones
712 1879 852 1956 diversi,
884 1896 1011 1958 magna
1041 1898 1085 1943 ex
1115 1887 1213 1959 parte
1244 1897 1271 1943 a.
1303 1881 1478 1955 Bernardi,
1516 1883 1793 1961 praecedentibus

387 1969 548 2042 excerptis
577 1969 674 2025 variis
709 1983 751 2027 ex
783 1967 937 2045 operibus
974 1985 1020 2028 ss.
1052 1967 1230 2029 Bernhardi
1263 1974 1295 2029 et
1325 1969 1505 2042 Anshelmi,
1530 1967 1683 2047 Hugonis
1706 1976 1739 2029 et
1762 1987 1791 2030 a.

387 2048 556 2122 (Collectio
580 2055 668 2112 initio
692 2058 723 2113 et
745 2053 810 2114 tine
834 2059 977 2128 carens).

494 2156 532 2213 Ut
555 2160 585 2213 in
608 2161 745 2230 operculo
769 2175 866 2232 super.
890 2162 1068 2218 intrinsecus
1093 2169 1219 2231 notatur,
1244 2163 1339 2218 codex
1362 2179 1388 2219 a.
1417 2163 1496 2220 1867
1522 2165 1559 2218 ab
1583 2163 1631 2220 Al.
1656 2162 1789 2232 Schulte,

387 2243 550 2314 professore
573 2246 704 2302 univers.
728 2247 822 2319 Prag,
846 2248 1041 2304 bibliothecae
1064 2256 1182 2304 nostrae
1206 2251 1335 2305 donatus
1359 2256 1412 2306 est.

492 2687 743 2807 stu-ses
941 2729 992 2803 rr.
1020 2729 1060 2804 a
1089 2728 1257 2822 r-rrn
1343 2801 1345 2804 ⁴

388 2879 560 2946 Fascicuti
586 2883 630 2947 46
658 2886 966 2964 comprehendentes
986 2884 1073 2949 1537
1097 2885 1260 2948 historias
1288 2887 1331 2949 37
1355 2887 1553 2948 morborum
1576 2883 1675 2964 infra
1697 2889 1792 2947 nota-

388 2972 512 3046 tarum,
536 2989 619 3050 qrros
640 2972 827 3034 medicinae
857 2973 1034 3035 candidati
1062 2973 1098 3035 in
1119 2973 1339 3035 universitate
1361 2973 1537 3053 Pragensi‚
1562 2989 1709 3051 quornm
1732 2991 1794 3034 no—

389 3055 484 3119 mina
507 3057 712 3139 atptrabetice
733 3059 861 3139 digesta
884 3063 1081 3138 sequnntur,
1106 3077 1137 3122 a.
1162 3059 1379 3123 1820-1840
1401 3059 1649 3140 descripserunt

704 3197 856 3260 Nomina
877 3200 1080 3261 morborum
1103 3216 1182 3262 cum
1206 3199 1283 3261 suis
1306 3197 1474 3261 numeris.

501 3319 526 3379 1.
552 3335 572 3380 a
595 3319 723 3397 Angina
745 3318 890 3381 faucium
913 3325 945 3380 et
968 3320 1116 3381 Parotitis
1140 3319 1194 3399 (32
1217 3319 1317 3395 hist.).

503 3405 527 3465 1.
552 3407 573 3467 b
596 3406 725 3484 Angina
748 3407 999 3468 membranacea
1021 3406 1054 3481 (7
1078 3405 1175 3484 hist.).

497 3491 528 3553 2.
552 3493 743 3572 Apoplexia,
768 3492 1001 3572 Haemiplegia,
1025 3494 1154 3554 Paresis
1178 3493 1234 3567 (15
1257 3493 1359 3568 hist.).

497 3579 528 3640 3.
553 3579 701 3640 Arthritis
724 3579 779 3658 (42
803 3581 901 3654 hist.).

497 3667 528 3728 4.
553 3664 743 3744 Cardialgia,
768 3665 922 3746 Hysteria
945 3667 1001 3747 (25
1024 3667 1114 3742 hist.)

497 3753 527 3812 5.
553 3752 665 3817 Colica
689 3753 744 3831 (18
767 3755 867 3828 hist.).

498 3839 528 3900 6.
553 3838 722 3902 Chlorosis
744 3839 801 3914 (35
824 3841 924 3914 hist.).

500 3925 529 3987 7.
553 3925 707 3987 Delirium
730 3931 873 3988 tremens
897 3927 931 4002 (9
954 3923 1052 4003 hist.).

498 4013 528 4075 8.
553 4011 732 4074 Diarrhoea
754 4014 942 4089 epidemica,
966 4011 1162 4092 Dysenteria
1185 4011 1240 4090 (12
1264 4014 1362 4086 hist.).

498 4099 529 4163 9.
553 4099 772 4179 Encephalitis
796 4100 852 4178 (14
875 4101 975 4172 hist.).

481 4185 528 4249 10.
553 4185 714 4260 Enteritis,
739 4185 1019 4260 Perito-Enteritis,
1043 4186 1260 4247 Mesentcritis
1283 4184 1340 4259 (54
1362 4185 1462 4252 hist.).

481 4274 529 4336 11.
553 4291 574 4334 a
597 4273 770 4352 Epilepsia,
795 4275 816 4335 b
840 4272 968 4334 Chorea
992 4291 1019 4334 s,
1042 4273 1105 4334 Viti
1130 4272 1186 4347 (39
1209 4273 1309 4346 hist.).

480 4360 529 4422 12.
552 4359 730 4439 Erisipelas
754 4359 809 4434 (17
833 4361 932 4434 hist.).

482 4446 529 4508 13.
554 4447 795 4509 Exanthemata
817 4448 974 4508 chronica
997 4446 1053 4521 (53
1076 4447 1177 4519 hist.).

482 4535 529 4596 14.
554 4533 665 4595 Febris
688 4534 921 4600 acatarrhosa,
943 4534 1167 4594 beatarrhalis
1193 4533 1402 4604 rheumatica,
1423 4548 1441 4592 c
1458 4533 1673 4591 intermittens
1689 4532 1794 4606 quoti·

392 4619 498 4694 diana,
533 4622 555 4681 d
584 4625 798 4682 intermittens
828 4622 1019 4698 irregularis
1056 4635 1074 4681 e
1105 4624 1317 4682 intermittens
1349 4623 1492 4691 tertiana,
1527 4616 1545 4678 i
1578 4619 1793 4677 intermittens

500 4814 527 4893 *)
544 4817 639 4873 Ceteri
661 4817 746 4873 foruli
770 4815 796 4870 ΙΙ
808 4816 873 4872 libri
886 4813 947 4874 MS.
962 4831 1014 4870 seu
1026 4816 1125 4887 potius
1138 4813 1270 4870 iasciculi
1289 4819 1430 4880 actorum,
1446 4827 1521 4884 quae
1537 4811 1606 4866 olim
1620 4813 1650 4866 in
1663 4809 1792 4866 archivis

393 4903 574 4961 diversorum
609 4903 853 4960 monasteriorum
885 4903 1122 4972 asservabantur,
1158 4902 1286 4972 exceptis
1321 4899 1559 4955 memorabilibus
1600 4905 1629 4952 et
1663 4898 1792 4952 historiis

396 4990 546 5063 adligatis,
570 5007 645 5064 quae
668 4991 742 5047 intra
765 4997 962 5059 recensentur,
986 4991 1063 5045 inter
1085 4989 1248 5044 archivalia
1271 4992 1373 5042 nostra
1396 4991 1479 5041 erunt
1501 4986 1683 5040 recensendi.

1070 5209 1118 5258 144
