<?xml version="1.0" encoding="UTF-8"?>
<!DOCTYPE html PUBLIC "-//W3C//DTD XHTML 1.0 Transitional//EN"
    "http://www.w3.org/TR/xhtml1/DTD/xhtml1-transitional.dtd">
<html xmlns="http://www.w3.org/1999/xhtml" xml:lang="en" lang="en">
 <head>
  <title>
</title>
<meta http-equiv="Content-Type" content="text/html;charset=utf-8" />
  <meta name='ocr-system' content='tesseract 3.04.00' />
  <meta name='ocr-capabilities' content='ocr_page ocr_carea ocr_par ocr_line ocrx_word'/>
</head>
<body>
  <div class='ocr_page' id='page_1' title='image "./cataloguscodicu03truhgoog_0310.png"; bbox 0 0 3820 5960; ppageno 0'>
   <div class='ocr_carea' id='block_1_1' title="bbox 1035 544 1104 628">
    <p class='ocr_par' dir='ltr' id='par_1_1' title="bbox 1035 544 1104 628">
     <span class='ocr_line' id='line_1_1' title="bbox 1035 544 1104 628; baseline 0.029 -24"><span class='ocrx_word' id='word_1_1' title='bbox 1035 544 1104 628; x_wconf 65' lang='lat'><strong>712</strong></span> 
     </span>
    </p>
   </div>
   <div class='ocr_carea' id='block_1_2' title="bbox 367 750 1310 953">
    <p class='ocr_par' dir='ltr' id='par_1_2' title="bbox 367 750 1310 953">
     <span class='ocr_line' id='line_1_2' title="bbox 472 750 1310 836; baseline -0.019 -4"><span class='ocrx_word' id='word_1_2' title='bbox 472 752 542 832; x_wconf 86' lang='grc'><strong>712</strong></span> <span class='ocrx_word' id='word_1_3' title='bbox 804 750 872 828; x_wconf 89' lang='lat' dir='ltr'><strong>IV.</strong></span> <span class='ocrx_word' id='word_1_4' title='bbox 900 753 939 828; x_wconf 86' lang='lat' dir='ltr'><strong>F.</strong></span> <span class='ocrx_word' id='word_1_5' title='bbox 970 755 1004 828; x_wconf 81' lang='grc'><strong>6.</strong></span> <span class='ocrx_word' id='word_1_6' title='bbox 1035 767 1310 836; x_wconf 78' lang='lat' dir='ltr'><strong>(Y.111.3u.11.)</strong></span> 
     </span>
     <span class='ocr_line' id='line_1_3' title="bbox 367 871 1241 953; baseline -0.002 -15"><span class='ocrx_word' id='word_1_7' title='bbox 367 875 479 939; x_wconf 84' lang='lat' dir='ltr'><strong>chart.</strong></span> <span class='ocrx_word' id='word_1_8' title='bbox 500 891 588 938; x_wconf 77' lang='lat' dir='ltr'><strong>saec.</strong></span> <span class='ocrx_word' id='word_1_9' title='bbox 612 873 679 936; x_wconf 88' lang='lat' dir='ltr'><strong>XV</strong></span> <span class='ocrx_word' id='word_1_10' title='bbox 691 871 741 953; x_wconf 92' lang='lat' dir='ltr'><strong>ff.</strong></span> <span class='ocrx_word' id='word_1_11' title='bbox 765 875 838 950; x_wconf 82' lang='lat'><strong><em>281,</em></strong></span> <span class='ocrx_word' id='word_1_12' title='bbox 862 876 1116 939; x_wconf 84' lang='lat' dir='ltr'><strong>21·5&gt;&lt;15cm.</strong></span> <span class='ocrx_word' id='word_1_13' title='bbox 1142 876 1173 938; x_wconf 85' lang='lat' dir='ltr'><strong>d.</strong></span> <span class='ocrx_word' id='word_1_14' title='bbox 1198 893 1241 936; x_wconf 92' lang='lat' dir='ltr'><strong>m.</strong></span> 
     </span>
    </p>
   </div>
   <div class='ocr_carea' id='block_1_3' title="bbox 369 993 1773 1246">
    <p class='ocr_par' dir='ltr' id='par_1_3' title="bbox 369 993 1773 1246">
     <span class='ocr_line' id='line_1_4' title="bbox 369 993 1773 1078; baseline -0.004 -19"><span class='ocrx_word' id='word_1_15' title='bbox 369 996 473 1075; x_wconf 81' lang='lat' dir='ltr'><strong>(Mag.</strong></span> <span class='ocrx_word' id='word_1_16' title='bbox 514 995 715 1060; x_wconf 89' lang='lat' dir='ltr'><strong>Wenceslai</strong></span> <span class='ocrx_word' id='word_1_17' title='bbox 756 999 798 1060; x_wconf 91' lang='lat' dir='ltr'><strong>de</strong></span> <span class='ocrx_word' id='word_1_18' title='bbox 842 995 1055 1078; x_wconf 79' lang='lat' dir='ltr'><strong>Drachowi)</strong></span> <span class='ocrx_word' id='word_1_19' title='bbox 1104 997 1292 1060; x_wconf 81' lang='lat' dir='ltr'>Sermones</span> <span class='ocrx_word' id='word_1_20' title='bbox 1336 994 1563 1059; x_wconf 78' lang='lat' dir='ltr'>dominicales</span> <span class='ocrx_word' id='word_1_21' title='bbox 1609 1009 1673 1072; x_wconf 90' lang='lat' dir='ltr'><strong>per</strong></span> <span class='ocrx_word' id='word_1_22' title='bbox 1710 993 1773 1055; x_wconf 88' lang='lat' dir='ltr'><strong>cir-</strong></span> 
     </span>
     <span class='ocr_line' id='line_1_5' title="bbox 369 1075 1773 1246; baseline -0.002 -101"><span class='ocrx_word' id='word_1_23' title='bbox 369 1083 486 1145; x_wconf 90' lang='lat' dir='ltr'><strong>culum</strong></span> <span class='ocrx_word' id='word_1_24' title='bbox 509 1083 592 1145; x_wconf 89' lang='lat' dir='ltr'><strong>anni</strong></span> <span class='ocrx_word' id='word_1_25' title='bbox 626 1083 807 1146; x_wconf 83' lang='lat' dir='ltr'><strong>bohemice</strong></span> <span class='ocrx_word' id='word_1_26' title='bbox 835 1083 1204 1246; x_wconf 39' lang='lat' dir='ltr'><strong>passimvslzt&#39;ekrpgliapi.</strong></span> <span class='ocrx_word' id='word_1_27' title='bbox 1230 1075 1376 1162; x_wconf 71' lang='lat' dir='ltr'><strong>(Kizam&#39;</strong></span> <span class='ocrx_word' id='word_1_28' title='bbox 1396 1076 1550 1144; x_wconf 75' lang='lat' dir='ltr'><strong>latinslra</strong></span> <span class='ocrx_word' id='word_1_29' title='bbox 1571 1097 1591 1143; x_wconf 88' lang='lat' dir='ltr'><strong>s</strong></span> <span class='ocrx_word' id='word_1_30' title='bbox 1614 1075 1773 1159; x_wconf 76' lang='lat' dir='ltr'><strong>bestry&#39;mi</strong></span> 
     </span>
    </p>
   </div>
   <div class='ocr_carea' id='block_1_4' title="bbox 367 1274 1775 1783">
    <p class='ocr_par' dir='ltr' id='par_1_4' title="bbox 367 1274 1775 1783">
     <span class='ocr_line' id='line_1_6' title="bbox 477 1274 1775 1348; baseline -0.002 -17"><span class='ocrx_word' id='word_1_31' title='bbox 477 1275 511 1331; x_wconf 91' lang='lat' dir='ltr'><strong>In</strong></span> <span class='ocrx_word' id='word_1_32' title='bbox 535 1278 672 1348; x_wconf 87' lang='lat' dir='ltr'><strong>operculo</strong></span> <span class='ocrx_word' id='word_1_33' title='bbox 704 1293 800 1348; x_wconf 88' lang='lat' dir='ltr'><strong>super.</strong></span> <span class='ocrx_word' id='word_1_34' title='bbox 832 1279 905 1334; x_wconf 87' lang='lat' dir='ltr'><strong>haec</strong></span> <span class='ocrx_word' id='word_1_35' title='bbox 928 1285 998 1334; x_wconf 86' lang='lat' dir='ltr'><strong>nota</strong></span> <span class='ocrx_word' id='word_1_36' title='bbox 1020 1280 1150 1334; x_wconf 86' lang='lat' dir='ltr'><strong>radendo</strong></span> <span class='ocrx_word' id='word_1_37' title='bbox 1172 1277 1325 1348; x_wconf 89' lang='lat' dir='ltr'><strong>paululum</strong></span> <span class='ocrx_word' id='word_1_38' title='bbox 1348 1278 1431 1333; x_wconf 87' lang='lat' dir='ltr'><strong>laesa</strong></span> <span class='ocrx_word' id='word_1_39' title='bbox 1453 1279 1594 1332; x_wconf 88' lang='lat' dir='ltr'><strong>occurrit:</strong></span> <span class='ocrx_word' id='word_1_40' title='bbox 1632 1274 1775 1330; x_wconf 80' lang='lat' dir='ltr'><strong>»Postilla</strong></span> 
     </span>
     <span class='ocr_line' id='line_1_7' title="bbox 369 1361 1772 1438; baseline -0.001 -21"><span class='ocrx_word' id='word_1_41' title='bbox 369 1361 445 1434; x_wconf 88' lang='lat' dir='ltr'><strong>Mgrl</strong></span> <span class='ocrx_word' id='word_1_42' title='bbox 468 1361 638 1420; x_wconf 82' lang='lat' dir='ltr'><strong>wenceslai</strong></span> <span class='ocrx_word' id='word_1_43' title='bbox 669 1366 706 1419; x_wconf 92' lang='lat' dir='ltr'><strong>de</strong></span> <span class='ocrx_word' id='word_1_44' title='bbox 736 1363 883 1420; x_wconf 90' lang='lat' dir='ltr'><strong>Drachow</strong></span> <span class='ocrx_word' id='word_1_45' title='bbox 906 1381 993 1437; x_wconf 91' lang='lat' dir='ltr'><strong>super</strong></span> <span class='ocrx_word' id='word_1_46' title='bbox 1016 1366 1156 1438; x_wconf 82' lang='lat' dir='ltr'><strong>epistolas</strong></span> <span class='ocrx_word' id='word_1_47' title='bbox 1181 1381 1198 1420; x_wconf 88' lang='lat' dir='ltr'><strong>a</strong></span> <span class='ocrx_word' id='word_1_48' title='bbox 1220 1364 1294 1419; x_wconf 88' lang='lat' dir='ltr'><strong>lesto</strong></span> <span class='ocrx_word' id='word_1_49' title='bbox 1324 1379 1413 1436; x_wconf 88' lang='lat' dir='ltr'><strong>pasce</strong></span> <span class='ocrx_word' id='word_1_50' title='bbox 1436 1378 1529 1432; x_wconf 89' lang='lat' dir='ltr'><strong>usque</strong></span> <span class='ocrx_word' id='word_1_51' title='bbox 1553 1365 1590 1419; x_wconf 92' lang='lat' dir='ltr'><strong>ad</strong></span> <span class='ocrx_word' id='word_1_52' title='bbox 1613 1365 1772 1418; x_wconf 88' lang='lat' dir='ltr'><strong>adventum</strong></span> 
     </span>
     <span class='ocr_line' id='line_1_8' title="bbox 369 1450 1774 1523; baseline -0.001 -18"><span class='ocrx_word' id='word_1_53' title='bbox 369 1464 420 1521; x_wconf 92' lang='lat' dir='ltr'><strong>pro</strong></span> <span class='ocrx_word' id='word_1_54' title='bbox 440 1495 447 1508; x_wconf 93' lang='lat'><strong>.</strong></span> <span class='ocrx_word' id='word_1_55' title='bbox 468 1493 474 1506; x_wconf 94' lang='lat'><strong>.</strong></span> <span class='ocrx_word' id='word_1_56' title='bbox 495 1495 502 1508; x_wconf 95' lang='lat'><strong>.</strong></span> <span class='ocrx_word' id='word_1_57' title='bbox 521 1465 582 1506; x_wconf 88' lang='lat' dir='ltr'><strong>sex.</strong></span> <span class='ocrx_word' id='word_1_58' title='bbox 606 1467 668 1521; x_wconf 77' lang='lat' dir='ltr'><strong>gn«</strong></span> <span class='ocrx_word' id='word_1_59' title='bbox 695 1450 758 1506; x_wconf 90' lang='lat' dir='ltr'><strong>Hac</strong></span> <span class='ocrx_word' id='word_1_60' title='bbox 781 1460 861 1520; x_wconf 84' lang='lat' dir='ltr'><strong>nota,</strong></span> <span class='ocrx_word' id='word_1_61' title='bbox 886 1468 1063 1523; x_wconf 90' lang='lat' dir='ltr'><strong>quamquam</strong></span> <span class='ocrx_word' id='word_1_62' title='bbox 1087 1453 1185 1507; x_wconf 91' lang='lat' dir='ltr'><strong>minus</strong></span> <span class='ocrx_word' id='word_1_63' title='bbox 1209 1457 1343 1506; x_wconf 89' lang='lat' dir='ltr'><strong>accurate</strong></span> <span class='ocrx_word' id='word_1_64' title='bbox 1367 1451 1487 1506; x_wconf 91' lang='lat' dir='ltr'><strong>titulum</strong></span> <span class='ocrx_word' id='word_1_65' title='bbox 1515 1450 1661 1521; x_wconf 79' lang='lat' dir='ltr'><strong>exprimit,</strong></span> <span class='ocrx_word' id='word_1_66' title='bbox 1685 1463 1774 1518; x_wconf 90' lang='lat' dir='ltr'><strong>agno·</strong></span> 
     </span>
     <span class='ocr_line' id='line_1_9' title="bbox 369 1535 1772 1611; baseline -0.001 -20"><span class='ocrx_word' id='word_1_67' title='bbox 369 1535 481 1592; x_wconf 92' lang='lat' dir='ltr'><strong>scimus</strong></span> <span class='ocrx_word' id='word_1_68' title='bbox 505 1543 654 1592; x_wconf 78' lang='lat' dir='ltr'>auctorem</span> <span class='ocrx_word' id='word_1_69' title='bbox 676 1541 775 1609; x_wconf 87' lang='lat' dir='ltr'><strong>potius</strong></span> <span class='ocrx_word' id='word_1_70' title='bbox 806 1555 894 1610; x_wconf 88' lang='lat' dir='ltr'><strong>quam</strong></span> <span class='ocrx_word' id='word_1_71' title='bbox 925 1553 1126 1611; x_wconf 79' lang='lat' dir='ltr'><strong>possessorem</strong></span> <span class='ocrx_word' id='word_1_72' title='bbox 1158 1538 1232 1594; x_wconf 86' lang='lat' dir='ltr'><strong>libri.</strong></span> <span class='ocrx_word' id='word_1_73' title='bbox 1265 1537 1322 1592; x_wconf 87' lang='lat' dir='ltr'><strong>Sed</strong></span> <span class='ocrx_word' id='word_1_74' title='bbox 1347 1538 1490 1592; x_wconf 91' lang='lat' dir='ltr'><strong>sermonis</strong></span> <span class='ocrx_word' id='word_1_75' title='bbox 1512 1535 1598 1607; x_wconf 92' lang='lat' dir='ltr'><strong>primi</strong></span> <span class='ocrx_word' id='word_1_76' title='bbox 1625 1535 1772 1590; x_wconf 79' lang='lat' dir='ltr'><strong>»infesto</strong></span> 
     </span>
     <span class='ocr_line' id='line_1_10' title="bbox 367 1619 1773 1696; baseline -0.003 -18"><span class='ocrx_word' id='word_1_77' title='bbox 367 1637 476 1693; x_wconf 76' lang='lat' dir='ltr'><strong>pasce«</strong></span> <span class='ocrx_word' id='word_1_78' title='bbox 503 1623 522 1680; x_wconf 89' lang='lat' dir='ltr'><strong>l.</strong></span> <span class='ocrx_word' id='word_1_79' title='bbox 552 1619 663 1679; x_wconf 73' lang='lat' dir='ltr'><strong>1¹⁵—2b</strong></span> <span class='ocrx_word' id='word_1_80' title='bbox 687 1631 836 1680; x_wconf 83' lang='lat' dir='ltr'><strong>auctorem</strong></span> <span class='ocrx_word' id='word_1_81' title='bbox 861 1625 952 1681; x_wconf 89' lang='lat' dir='ltr'><strong>luisse</strong></span> <span class='ocrx_word' id='word_1_82' title='bbox 976 1623 1181 1696; x_wconf 83' lang='lat' dir='ltr'><strong>Caaplronem</strong></span> <span class='ocrx_word' id='word_1_83' title='bbox 1204 1627 1350 1695; x_wconf 89' lang='lat' dir='ltr'><strong>quendam</strong></span> <span class='ocrx_word' id='word_1_84' title='bbox 1375 1621 1552 1696; x_wconf 83' lang='lat' dir='ltr'><strong>(iohannem</strong></span> <span class='ocrx_word' id='word_1_85' title='bbox 1567 1621 1773 1690; x_wconf 80' lang='lat' dir='ltr'><strong>Taboritami)</strong></span> 
     </span>
     <span class='ocr_line' id='line_1_11' title="bbox 369 1708 1771 1783; baseline 0 -20"><span class='ocrx_word' id='word_1_86' title='bbox 369 1715 440 1764; x_wconf 86' lang='lat' dir='ltr'><strong>nota</strong></span> <span class='ocrx_word' id='word_1_87' title='bbox 463 1711 493 1764; x_wconf 93' lang='lat' dir='ltr'><strong>in</strong></span> <span class='ocrx_word' id='word_1_88' title='bbox 517 1710 535 1767; x_wconf 88' lang='lat' dir='ltr'><strong>l.</strong></span> <span class='ocrx_word' id='word_1_89' title='bbox 562 1711 617 1765; x_wconf 84' lang='lat'><strong>82·</strong></span> <span class='ocrx_word' id='word_1_90' title='bbox 639 1711 804 1769; x_wconf 87' lang='lat' dir='ltr'><strong>edocemur.</strong></span> <span class='ocrx_word' id='word_1_91' title='bbox 828 1711 981 1783; x_wconf 88' lang='lat' dir='ltr'><strong>Operoulls</strong></span> <span class='ocrx_word' id='word_1_92' title='bbox 1005 1712 1133 1783; x_wconf 86' lang='lat' dir='ltr'><strong>adligata</strong></span> <span class='ocrx_word' id='word_1_93' title='bbox 1149 1717 1218 1767; x_wconf 89' lang='lat' dir='ltr'><strong>sunt</strong></span> <span class='ocrx_word' id='word_1_94' title='bbox 1233 1710 1396 1781; x_wconf 85' lang='lat' dir='ltr'><strong>fragmenta</strong></span> <span class='ocrx_word' id='word_1_95' title='bbox 1412 1710 1533 1768; x_wconf 88' lang='lat' dir='ltr'><strong>membr.</strong></span> <span class='ocrx_word' id='word_1_96' title='bbox 1548 1708 1771 1764; x_wconf 85' lang='lat' dir='ltr'><strong>Missalissaee.</strong></span> 
     </span>
    </p>
   </div>
   <div class='ocr_carea' id='block_1_5' title="bbox 368 1793 1773 1954">
    <p class='ocr_par' dir='ltr' id='par_1_5' title="bbox 368 1793 1773 1954">
     <span class='ocr_line' id='line_1_12' title="bbox 369 1793 1773 1869; baseline -0.001 -19"><span class='ocrx_word' id='word_1_97' title='bbox 369 1793 448 1866; x_wconf 86' lang='lat' dir='ltr'>XIV,</span> <span class='ocrx_word' id='word_1_98' title='bbox 480 1798 510 1850; x_wconf 92' lang='lat' dir='ltr'><strong>in</strong></span> <span class='ocrx_word' id='word_1_99' title='bbox 542 1812 666 1867; x_wconf 89' lang='lat' dir='ltr'><strong>quorum</strong></span> <span class='ocrx_word' id='word_1_100' title='bbox 698 1799 788 1854; x_wconf 88' lang='lat' dir='ltr'><strong>altero</strong></span> <span class='ocrx_word' id='word_1_101' title='bbox 823 1804 955 1854; x_wconf 84' lang='lat' dir='ltr'><strong>notatum</strong></span> <span class='ocrx_word' id='word_1_102' title='bbox 986 1805 1030 1854; x_wconf 89' lang='lat' dir='ltr'><strong>est</strong></span> <span class='ocrx_word' id='word_1_103' title='bbox 1053 1805 1201 1869; x_wconf 88' lang='lat' dir='ltr'><strong>receptum</strong></span> <span class='ocrx_word' id='word_1_104' title='bbox 1232 1798 1417 1852; x_wconf 91' lang='lat' dir='ltr'><strong>bohemicum</strong></span> <span class='ocrx_word' id='word_1_105' title='bbox 1444 1803 1566 1852; x_wconf 81' lang='lat' dir='ltr'><strong>»contra</strong></span> <span class='ocrx_word' id='word_1_106' title='bbox 1588 1795 1773 1868; x_wconf 78' lang='lat' dir='ltr'><strong>paralisim«.</strong></span> 
     </span>
     <span class='ocr_line' id='line_1_13' title="bbox 368 1881 696 1954; baseline 0.009 -17"><span class='ocrx_word' id='word_1_107' title='bbox 368 1881 462 1938; x_wconf 90' lang='lat' dir='ltr'><strong>Vetus</strong></span> <span class='ocrx_word' id='word_1_108' title='bbox 487 1887 562 1954; x_wconf 91' lang='lat' dir='ltr'><strong>sign.</strong></span> <span class='ocrx_word' id='word_1_109' title='bbox 587 1881 620 1951; x_wconf 89' lang='lat' dir='ltr'><strong>B,</strong></span> <span class='ocrx_word' id='word_1_110' title='bbox 646 1883 696 1940; x_wconf 88' lang='lat'><strong>25.</strong></span> 
     </span>
    </p>
   </div>
   <div class='ocr_carea' id='block_1_6' title="bbox 369 2016 1568 2222">
    <p class='ocr_par' dir='ltr' id='par_1_6' title="bbox 369 2016 1568 2222">
     <span class='ocr_line' id='line_1_14' title="bbox 475 2016 1293 2098; baseline -0.012 -3"><span class='ocrx_word' id='word_1_111' title='bbox 475 2016 547 2097; x_wconf 83' lang='grc'><strong>713</strong></span> <span class='ocrx_word' id='word_1_112' title='bbox 816 2017 884 2094; x_wconf 93' lang='lat' dir='ltr'><strong>IV.</strong></span> <span class='ocrx_word' id='word_1_113' title='bbox 911 2019 952 2094; x_wconf 86' lang='lat' dir='ltr'><strong>F.</strong></span> <span class='ocrx_word' id='word_1_114' title='bbox 982 2021 1013 2097; x_wconf 86' lang='grc'><strong>7,</strong></span> <span class='ocrx_word' id='word_1_115' title='bbox 1046 2035 1091 2098; x_wconf 81' lang='lat' dir='ltr'><strong>(r.</strong></span> <span class='ocrx_word' id='word_1_116' title='bbox 1110 2037 1131 2088; x_wconf 86' lang='lat'><strong>1.</strong></span> <span class='ocrx_word' id='word_1_117' title='bbox 1151 2037 1176 2087; x_wconf 89' lang='lat'><strong>2.</strong></span> <span class='ocrx_word' id='word_1_118' title='bbox 1194 2051 1220 2086; x_wconf 70' lang='lat' dir='ltr'><strong>u.</strong></span> <span class='ocrx_word' id='word_1_119' title='bbox 1239 2037 1293 2098; x_wconf 76' lang='lat' dir='ltr'><strong>as.)</strong></span> 
     </span>
     <span class='ocr_line' id='line_1_15' title="bbox 369 2139 1568 2222; baseline -0.001 -22"><span class='ocrx_word' id='word_1_120' title='bbox 369 2139 478 2201; x_wconf 80' lang='lat' dir='ltr'><strong>chart.</strong></span> <span class='ocrx_word' id='word_1_121' title='bbox 500 2155 587 2201; x_wconf 83' lang='lat' dir='ltr'><strong>saec.</strong></span> <span class='ocrx_word' id='word_1_122' title='bbox 610 2139 680 2201; x_wconf 85' lang='lat' dir='ltr'><strong>XV</strong></span> <span class='ocrx_word' id='word_1_123' title='bbox 687 2140 733 2222; x_wconf 86' lang='lat' dir='ltr'><strong>ff.</strong></span> <span class='ocrx_word' id='word_1_124' title='bbox 756 2140 831 2214; x_wconf 84' lang='lat'><strong><em>238,</em></strong></span> <span class='ocrx_word' id='word_1_125' title='bbox 853 2141 1064 2205; x_wconf 82' lang='lat'><em>21·5&gt;&lt;15·5</em></span> <span class='ocrx_word' id='word_1_126' title='bbox 1083 2160 1146 2205; x_wconf 86' lang='lat' dir='ltr'><strong>cm.</strong></span> <span class='ocrx_word' id='word_1_127' title='bbox 1171 2141 1201 2204; x_wconf 86' lang='lat' dir='ltr'><strong>d.</strong></span> <span class='ocrx_word' id='word_1_128' title='bbox 1229 2159 1273 2203; x_wconf 89' lang='lat' dir='ltr'><strong>m.</strong></span> <span class='ocrx_word' id='word_1_129' title='bbox 1297 2158 1376 2202; x_wconf 78' lang='lat' dir='ltr'><strong>curn</strong></span> <span class='ocrx_word' id='word_1_130' title='bbox 1399 2139 1470 2201; x_wconf 83' lang='lat' dir='ltr'><strong>init.</strong></span> <span class='ocrx_word' id='word_1_131' title='bbox 1489 2139 1568 2218; x_wconf 74' lang='lat' dir='ltr'><strong>pict.</strong></span> 
     </span>
    </p>
   </div>
   <div class='ocr_carea' id='block_1_7' title="bbox 370 2256 1771 2413">
    <p class='ocr_par' dir='ltr' id='par_1_7' title="bbox 370 2256 1771 2413">
     <span class='ocr_line' id='line_1_16' title="bbox 370 2256 1771 2342; baseline -0.002 -20"><span class='ocrx_word' id='word_1_132' title='bbox 370 2259 535 2340; x_wconf 88' lang='lat' dir='ltr'><strong>(Thomae</strong></span> <span class='ocrx_word' id='word_1_133' title='bbox 564 2259 817 2342; x_wconf 88' lang='lat' dir='ltr'><strong>Erfordiensis)</strong></span> <span class='ocrx_word' id='word_1_134' title='bbox 851 2261 1032 2326; x_wconf 85' lang='lat' dir='ltr'><strong>Tractatus</strong></span> <span class='ocrx_word' id='word_1_135' title='bbox 1063 2265 1105 2326; x_wconf 89' lang='lat' dir='ltr'><strong>de</strong></span> <span class='ocrx_word' id='word_1_136' title='bbox 1135 2261 1249 2326; x_wconf 87' lang='lat' dir='ltr'><strong>modis</strong></span> <span class='ocrx_word' id='word_1_137' title='bbox 1276 2260 1498 2341; x_wconf 86' lang='lat' dir='ltr'><strong>significandi</strong></span> <span class='ocrx_word' id='word_1_138' title='bbox 1520 2256 1771 2323; x_wconf 88' lang='lat' dir='ltr'><strong>commentario</strong></span> 
     </span>
     <span class='ocr_line' id='line_1_17' title="bbox 871 2350 1276 2413; baseline 0 -3"><span class='ocrx_word' id='word_1_139' title='bbox 871 2350 1047 2413; x_wconf 89' lang='lat' dir='ltr'><strong>uberrimo</strong></span> <span class='ocrx_word' id='word_1_140' title='bbox 1071 2350 1276 2412; x_wconf 86' lang='lat' dir='ltr'><strong>instructus.</strong></span> 
     </span>
    </p>
   </div>
   <div class='ocr_carea' id='block_1_8' title="bbox 369 2449 1774 2788">
    <p class='ocr_par' dir='ltr' id='par_1_8' title="bbox 369 2449 1774 2788">
     <span class='ocr_line' id='line_1_18' title="bbox 479 2449 1774 2533; baseline -0.002 -21"><span class='ocrx_word' id='word_1_141' title='bbox 479 2452 499 2512; x_wconf 93' lang='lat' dir='ltr'><strong>l.</strong></span> <span class='ocrx_word' id='word_1_142' title='bbox 528 2453 561 2512; x_wconf 77' lang='lat'><strong>1²</strong></span> <span class='ocrx_word' id='word_1_143' title='bbox 585 2455 688 2526; x_wconf 88' lang='lat' dir='ltr'><strong>(incip.</strong></span> <span class='ocrx_word' id='word_1_144' title='bbox 720 2457 890 2528; x_wconf 85' lang='lat' dir='ltr'><strong>comment.)</strong></span> <span class='ocrx_word' id='word_1_145' title='bbox 927 2454 1143 2533; x_wconf 84' lang='lat' dir='ltr'><strong>›Alphrabius</strong></span> <span class='ocrx_word' id='word_1_146' title='bbox 1173 2459 1206 2515; x_wconf 92' lang='lat' dir='ltr'><strong>in</strong></span> <span class='ocrx_word' id='word_1_147' title='bbox 1236 2454 1317 2514; x_wconf 91' lang='lat' dir='ltr'><strong>libro</strong></span> <span class='ocrx_word' id='word_1_148' title='bbox 1348 2452 1389 2512; x_wconf 90' lang='lat' dir='ltr'><strong>de</strong></span> <span class='ocrx_word' id='word_1_149' title='bbox 1420 2458 1492 2514; x_wconf 91' lang='lat' dir='ltr'><strong>ortu</strong></span> <span class='ocrx_word' id='word_1_150' title='bbox 1525 2453 1664 2513; x_wconf 80' lang='lat' dir='ltr'><strong>scribit«</strong></span> <span class='ocrx_word' id='word_1_151' title='bbox 1691 2449 1774 2511; x_wconf 64' lang='grc' dir='ltr'><strong>12ι</strong></span> 
     </span>
     <span class='ocr_line' id='line_1_19' title="bbox 369 2537 1771 2620; baseline 0.001 -24"><span class='ocrx_word' id='word_1_152' title='bbox 369 2539 475 2612; x_wconf 88' lang='lat' dir='ltr'><strong>(incip.</strong></span> <span class='ocrx_word' id='word_1_153' title='bbox 500 2543 654 2610; x_wconf 83' lang='lat' dir='ltr'><strong>tractatus)</strong></span> <span class='ocrx_word' id='word_1_154' title='bbox 682 2538 864 2618; x_wconf 80' lang='lat' dir='ltr'><strong>»Quoniam</strong></span> <span class='ocrx_word' id='word_1_155' title='bbox 887 2545 996 2602; x_wconf 82' lang='lat' dir='ltr'><strong>eutem</strong></span> <span class='ocrx_word' id='word_1_156' title='bbox 1020 2542 1195 2620; x_wconf 88' lang='lat' dir='ltr'><strong>intelligere</strong></span> <span class='ocrx_word' id='word_1_157' title='bbox 1219 2546 1251 2602; x_wconf 89' lang='lat' dir='ltr'><strong>et</strong></span> <span class='ocrx_word' id='word_1_158' title='bbox 1274 2544 1375 2601; x_wconf 79' lang='lat' dir='ltr'><strong>scire«</strong></span> <span class='ocrx_word' id='word_1_159' title='bbox 1404 2541 1442 2615; x_wconf 87' lang='lat'><strong>&gt;&lt;</strong></span> <span class='ocrx_word' id='word_1_160' title='bbox 1467 2538 1487 2600; x_wconf 86' lang='grc'><strong>1.</strong></span> <span class='ocrx_word' id='word_1_161' title='bbox 1513 2539 1594 2600; x_wconf 80' lang='lat'>238⁸</span> <span class='ocrx_word' id='word_1_162' title='bbox 1621 2537 1682 2598; x_wconf 85' lang='lat' dir='ltr'><strong>»Et</strong></span> <span class='ocrx_word' id='word_1_163' title='bbox 1711 2539 1771 2598; x_wconf 89' lang='lat' dir='ltr'><strong>hec</strong></span> 
     </span>
     <span class='ocr_line' id='line_1_20' title="bbox 371 2625 1772 2705; baseline 0 -21"><span class='ocrx_word' id='word_1_164' title='bbox 371 2625 411 2684; x_wconf 91' lang='lat' dir='ltr'><strong>de</strong></span> <span class='ocrx_word' id='word_1_165' title='bbox 445 2627 657 2702; x_wconf 83' lang='lat' dir='ltr'><strong>passionibus</strong></span> <span class='ocrx_word' id='word_1_166' title='bbox 693 2631 856 2687; x_wconf 91' lang='lat' dir='ltr'><strong>sermonis</strong></span> <span class='ocrx_word' id='word_1_167' title='bbox 892 2628 978 2688; x_wconf 87' lang='lat' dir='ltr'><strong>dicta</strong></span> <span class='ocrx_word' id='word_1_168' title='bbox 1015 2627 1210 2689; x_wconf 79' lang='lat' dir='ltr'><strong>sufficient«</strong></span> <span class='ocrx_word' id='word_1_169' title='bbox 1246 2629 1440 2701; x_wconf 76' lang='lat' dir='ltr'><strong>(commentr)</strong></span> <span class='ocrx_word' id='word_1_170' title='bbox 1476 2631 1522 2686; x_wconf 85' lang='lat' dir='ltr'><strong>»si</strong></span> <span class='ocrx_word' id='word_1_171' title='bbox 1554 2629 1688 2705; x_wconf 84' lang='lat' dir='ltr'><strong>questio</strong></span> <span class='ocrx_word' id='word_1_172' title='bbox 1722 2630 1772 2684; x_wconf 91' lang='lat' dir='ltr'><strong>est</strong></span> 
     </span>
     <span class='ocr_line' id='line_1_21' title="bbox 369 2711 1379 2788; baseline 0.003 -18"><span class='ocrx_word' id='word_1_173' title='bbox 369 2711 567 2788; x_wconf 84' lang='lat' dir='ltr'><strong>imperfecta.</strong></span> <span class='ocrx_word' id='word_1_174' title='bbox 590 2711 633 2772; x_wconf 89' lang='lat' dir='ltr'><strong>Et</strong></span> <span class='ocrx_word' id='word_1_175' title='bbox 653 2715 685 2772; x_wconf 94' lang='lat' dir='ltr'><strong>in</strong></span> <span class='ocrx_word' id='word_1_176' title='bbox 709 2711 773 2774; x_wconf 92' lang='lat' dir='ltr'><strong>hoc</strong></span> <span class='ocrx_word' id='word_1_177' title='bbox 797 2717 987 2775; x_wconf 87' lang='lat' dir='ltr'><strong>terminatur</strong></span> <span class='ocrx_word' id='word_1_178' title='bbox 1009 2729 1140 2775; x_wconf 88' lang='lat' dir='ltr'><strong>summa</strong></span> <span class='ocrx_word' id='word_1_179' title='bbox 1162 2715 1260 2775; x_wconf 87' lang='lat' dir='ltr'><strong>huius</strong></span> <span class='ocrx_word' id='word_1_180' title='bbox 1284 2713 1379 2773; x_wconf 69' lang='lat' dir='ltr'><strong>libris</strong></span> 
     </span>
    </p>
   </div>
   <div class='ocr_carea' id='block_1_9' title="bbox 369 2817 1772 2978">
    <p class='ocr_par' dir='ltr' id='par_1_9' title="bbox 369 2817 1772 2978">
     <span class='ocr_line' id='line_1_22' title="bbox 478 2817 1772 2892; baseline 0.002 -20"><span class='ocrx_word' id='word_1_181' title='bbox 478 2817 631 2889; x_wconf 86' lang='lat' dir='ltr'><strong>Operculls</strong></span> <span class='ocrx_word' id='word_1_182' title='bbox 660 2819 791 2890; x_wconf 87' lang='lat' dir='ltr'><strong>adligata</strong></span> <span class='ocrx_word' id='word_1_183' title='bbox 820 2827 891 2876; x_wconf 87' lang='lat' dir='ltr'><strong>sunt</strong></span> <span class='ocrx_word' id='word_1_184' title='bbox 920 2819 1081 2892; x_wconf 86' lang='lat' dir='ltr'><strong>fragmenta</strong></span> <span class='ocrx_word' id='word_1_185' title='bbox 1110 2823 1271 2877; x_wconf 86' lang='lat' dir='ltr'><strong>membran.</strong></span> <span class='ocrx_word' id='word_1_186' title='bbox 1302 2822 1415 2876; x_wconf 86' lang='lat' dir='ltr'><strong>codicis</strong></span> <span class='ocrx_word' id='word_1_187' title='bbox 1448 2822 1601 2876; x_wconf 86' lang='lat' dir='ltr'><strong>cuiusdam</strong></span> <span class='ocrx_word' id='word_1_188' title='bbox 1633 2820 1772 2876; x_wconf 85' lang='lat' dir='ltr'><strong>hebraici.</strong></span> 
     </span>
     <span class='ocr_line' id='line_1_23' title="bbox 369 2903 963 2978; baseline 0.005 -18"><span class='ocrx_word' id='word_1_189' title='bbox 369 2905 462 2961; x_wconf 88' lang='lat' dir='ltr'><strong>Vetus</strong></span> <span class='ocrx_word' id='word_1_190' title='bbox 485 2911 561 2976; x_wconf 83' lang='lat' dir='ltr'><strong>sign.</strong></span> <span class='ocrx_word' id='word_1_191' title='bbox 584 2905 649 2962; x_wconf 89' lang='lat' dir='ltr'><strong>libr.</strong></span> <span class='ocrx_word' id='word_1_192' title='bbox 674 2903 771 2962; x_wconf 92' lang='lat' dir='ltr'><strong>Carol.</strong></span> <span class='ocrx_word' id='word_1_193' title='bbox 797 2906 827 2976; x_wconf 87' lang='lat' dir='ltr'><strong>S,</strong></span> <span class='ocrx_word' id='word_1_194' title='bbox 855 2909 903 2978; x_wconf 86' lang='lat'><strong>14,</strong></span> <span class='ocrx_word' id='word_1_195' title='bbox 927 2906 963 2965; x_wconf 93' lang='grc' dir='ltr'><strong>Κ.</strong></span> 
     </span>
    </p>
   </div>
   <div class='ocr_carea' id='block_1_10' title="bbox 370 3055 1773 3262">
    <p class='ocr_par' dir='ltr' id='par_1_10' title="bbox 370 3055 1773 3262">
     <span class='ocr_line' id='line_1_24' title="bbox 475 3055 1291 3142; baseline -0.011 -5"><span class='ocrx_word' id='word_1_196' title='bbox 475 3055 550 3137; x_wconf 84' lang='grc'><strong>714</strong></span> <span class='ocrx_word' id='word_1_197' title='bbox 810 3057 880 3132; x_wconf 90' lang='lat' dir='ltr'><strong>IV.</strong></span> <span class='ocrx_word' id='word_1_198' title='bbox 909 3057 949 3132; x_wconf 90' lang='lat' dir='ltr'><strong>F.</strong></span> <span class='ocrx_word' id='word_1_199' title='bbox 976 3059 1012 3132; x_wconf 78' lang='lat'><strong>8.</strong></span> <span class='ocrx_word' id='word_1_200' title='bbox 1045 3075 1090 3135; x_wconf 78' lang='lat' dir='ltr'><strong>(Y.</strong></span> <span class='ocrx_word' id='word_1_201' title='bbox 1109 3077 1130 3127; x_wconf 89' lang='lat'><strong>1.</strong></span> <span class='ocrx_word' id='word_1_202' title='bbox 1148 3077 1173 3126; x_wconf 90' lang='lat'><strong>2.</strong></span> <span class='ocrx_word' id='word_1_203' title='bbox 1193 3079 1291 3142; x_wconf 62' lang='lat' dir='ltr'><strong>aaa.)</strong></span> 
     </span>
     <span class='ocr_line' id='line_1_25' title="bbox 370 3177 1773 3262; baseline 0.001 -22"><span class='ocrx_word' id='word_1_204' title='bbox 370 3177 479 3241; x_wconf 84' lang='lat' dir='ltr'><strong>chori.</strong></span> <span class='ocrx_word' id='word_1_205' title='bbox 502 3197 535 3242; x_wconf 86' lang='lat' dir='ltr'><strong>a.</strong></span> <span class='ocrx_word' id='word_1_206' title='bbox 558 3178 774 3242; x_wconf 75' lang='lat'><strong><em>1456—1458</em></strong></span> <span class='ocrx_word' id='word_1_207' title='bbox 794 3179 832 3262; x_wconf 79' lang='lat' dir='ltr'><strong>ff.</strong></span> <span class='ocrx_word' id='word_1_208' title='bbox 855 3180 916 3243; x_wconf 78' lang='lat'><strong>241</strong></span> <span class='ocrx_word' id='word_1_209' title='bbox 940 3199 1045 3257; x_wconf 66' lang='lat' dir='ltr'><strong>num„</strong></span> <span class='ocrx_word' id='word_1_210' title='bbox 1067 3183 1351 3245; x_wconf 83' lang='lat' dir='ltr'><strong>2r·5&gt;&lt;15·5cm.</strong></span> <span class='ocrx_word' id='word_1_211' title='bbox 1375 3182 1407 3242; x_wconf 87' lang='lat' dir='ltr'><strong>d.</strong></span> <span class='ocrx_word' id='word_1_212' title='bbox 1431 3199 1476 3242; x_wconf 87' lang='lat' dir='ltr'><strong>m.</strong></span> <span class='ocrx_word' id='word_1_213' title='bbox 1500 3197 1579 3242; x_wconf 84' lang='lat' dir='ltr'><strong>cum</strong></span> <span class='ocrx_word' id='word_1_214' title='bbox 1602 3180 1674 3241; x_wconf 82' lang='lat' dir='ltr'><strong>init.</strong></span> <span class='ocrx_word' id='word_1_215' title='bbox 1694 3181 1773 3260; x_wconf 76' lang='lat' dir='ltr'><strong>pict.</strong></span> 
     </span>
    </p>
   </div>
   <div class='ocr_carea' id='block_1_11' title="bbox 371 3297 1775 4333">
    <p class='ocr_par' dir='ltr' id='par_1_11' title="bbox 371 3297 1775 3552">
     <span class='ocr_line' id='line_1_26' title="bbox 478 3297 1774 3381; baseline 0.001 -20"><span class='ocrx_word' id='word_1_216' title='bbox 478 3301 498 3362; x_wconf 88' lang='lat' dir='ltr'><strong>f.</strong></span> <span class='ocrx_word' id='word_1_217' title='bbox 527 3297 664 3363; x_wconf 67' lang='lat' dir='ltr'><strong>1³¹-38b</strong></span> <span class='ocrx_word' id='word_1_218' title='bbox 687 3300 920 3381; x_wconf 80' lang='lat' dir='ltr'><strong>Quaestiones</strong></span> <span class='ocrx_word' id='word_1_219' title='bbox 933 3318 1040 3380; x_wconf 89' lang='lat' dir='ltr'><strong>super</strong></span> <span class='ocrx_word' id='word_1_220' title='bbox 1054 3301 1347 3365; x_wconf 86' lang='lat' dir='ltr'><strong>Praedicabilibus</strong></span> <span class='ocrx_word' id='word_1_221' title='bbox 1364 3301 1558 3381; x_wconf 86' lang='lat' dir='ltr'><strong>Porphyrii.</strong></span> <span class='ocrx_word' id='word_1_222' title='bbox 1578 3298 1695 3363; x_wconf 81' lang='lat' dir='ltr'><strong>»Circa</strong></span> <span class='ocrx_word' id='word_1_223' title='bbox 1717 3306 1774 3362; x_wconf 91' lang='lat' dir='ltr'><strong>ini-</strong></span> 
     </span>
     <span class='ocr_line' id='line_1_27' title="bbox 371 3387 1775 3467; baseline 0.001 -20"><span class='ocrx_word' id='word_1_224' title='bbox 371 3391 456 3448; x_wconf 90' lang='lat' dir='ltr'><strong>cium</strong></span> <span class='ocrx_word' id='word_1_225' title='bbox 492 3388 559 3448; x_wconf 87' lang='lat' dir='ltr'><strong>libri</strong></span> <span class='ocrx_word' id='word_1_226' title='bbox 595 3388 713 3467; x_wconf 91' lang='lat' dir='ltr'><strong>predic.</strong></span> <span class='ocrx_word' id='word_1_227' title='bbox 750 3387 886 3467; x_wconf 86' lang='lat' dir='ltr'><strong>Porph.«</strong></span> <span class='ocrx_word' id='word_1_228' title='bbox 915 3389 953 3466; x_wconf 92' lang='lat'><strong>&gt;&lt;</strong></span> <span class='ocrx_word' id='word_1_229' title='bbox 981 3387 1041 3449; x_wconf 85' lang='lat' dir='ltr'><strong>»Et</strong></span> <span class='ocrx_word' id='word_1_230' title='bbox 1062 3393 1110 3450; x_wconf 90' lang='lat' dir='ltr'><strong>sic</strong></span> <span class='ocrx_word' id='word_1_231' title='bbox 1134 3389 1272 3451; x_wconf 87' lang='lat' dir='ltr'><strong>babetur</strong></span> <span class='ocrx_word' id='word_1_232' title='bbox 1295 3393 1429 3450; x_wconf 90' lang='lat' dir='ltr'><strong>materia</strong></span> <span class='ocrx_word' id='word_1_233' title='bbox 1450 3405 1675 3467; x_wconf 84' lang='lat' dir='ltr'><strong>ysagogarum</strong></span> <span class='ocrx_word' id='word_1_234' title='bbox 1699 3387 1775 3449; x_wconf 88' lang='lat' dir='ltr'><strong>Por·</strong></span> 
     </span>
     <span class='ocr_line' id='line_1_28' title="bbox 371 3473 671 3552; baseline -0.023 -18"><span class='ocrx_word' id='word_1_235' title='bbox 371 3475 471 3552; x_wconf 86' lang='lat' dir='ltr'><strong>phirii.</strong></span> <span class='ocrx_word' id='word_1_236' title='bbox 496 3473 545 3534; x_wconf 89' lang='lat' dir='ltr'><strong>Fit</strong></span> <span class='ocrx_word' id='word_1_237' title='bbox 567 3473 671 3536; x_wconf 80' lang='lat' dir='ltr'><strong>linis«</strong></span> 
     </span>
    </p>

    <p class='ocr_par' dir='ltr' id='par_1_12' title="bbox 371 3556 1775 3900">
     <span class='ocr_line' id='line_1_29' title="bbox 480 3556 1774 3640; baseline 0.001 -18"><span class='ocrx_word' id='word_1_238' title='bbox 480 3561 500 3622; x_wconf 89' lang='lat' dir='ltr'><strong>l.</strong></span> <span class='ocrx_word' id='word_1_239' title='bbox 524 3556 687 3622; x_wconf 62' lang='lat'><strong>392-7012</strong></span> <span class='ocrx_word' id='word_1_240' title='bbox 711 3559 946 3640; x_wconf 80' lang='lat' dir='ltr'><strong>Quaestiones</strong></span> <span class='ocrx_word' id='word_1_241' title='bbox 970 3577 1077 3638; x_wconf 87' lang='lat' dir='ltr'><strong>super</strong></span> <span class='ocrx_word' id='word_1_242' title='bbox 1098 3560 1397 3624; x_wconf 89' lang='lat' dir='ltr'><strong>Praedicamentls</strong></span> <span class='ocrx_word' id='word_1_243' title='bbox 1420 3561 1631 3624; x_wconf 86' lang='lat' dir='ltr'><strong>Aristotelis.</strong></span> <span class='ocrx_word' id='word_1_244' title='bbox 1662 3559 1774 3623; x_wconf 78' lang='lat' dir='ltr'><strong>»Circa</strong></span> 
     </span>
     <span class='ocr_line' id='line_1_30' title="bbox 372 3647 1774 3730; baseline 0.001 -23"><span class='ocrx_word' id='word_1_245' title='bbox 372 3651 503 3708; x_wconf 90' lang='lat' dir='ltr'><strong>inicium</strong></span> <span class='ocrx_word' id='word_1_246' title='bbox 528 3649 595 3708; x_wconf 90' lang='lat' dir='ltr'><strong>libri</strong></span> <span class='ocrx_word' id='word_1_247' title='bbox 620 3647 742 3710; x_wconf 87' lang='lat' dir='ltr'><strong>Predic.</strong></span> <span class='ocrx_word' id='word_1_248' title='bbox 766 3647 899 3708; x_wconf 86' lang='lat' dir='ltr'><strong>Aristot.</strong></span> <span class='ocrx_word' id='word_1_249' title='bbox 924 3653 1074 3709; x_wconf 91' lang='lat' dir='ltr'><strong>movetur</strong></span> <span class='ocrx_word' id='word_1_250' title='bbox 1097 3653 1201 3726; x_wconf 91' lang='lat' dir='ltr'><strong>primo</strong></span> <span class='ocrx_word' id='word_1_251' title='bbox 1225 3653 1353 3730; x_wconf 83' lang='lat' dir='ltr'><strong>questio</strong></span> <span class='ocrx_word' id='word_1_252' title='bbox 1377 3649 1468 3709; x_wconf 82' lang='lat' dir='ltr'><strong>talis«</strong></span> <span class='ocrx_word' id='word_1_253' title='bbox 1496 3649 1535 3726; x_wconf 88' lang='lat'><strong>&gt;&lt;</strong></span> <span class='ocrx_word' id='word_1_254' title='bbox 1564 3648 1623 3709; x_wconf 83' lang='lat' dir='ltr'><strong>»Et</strong></span> <span class='ocrx_word' id='word_1_255' title='bbox 1646 3649 1710 3710; x_wconf 88' lang='lat' dir='ltr'><strong>hec</strong></span> <span class='ocrx_word' id='word_1_256' title='bbox 1735 3651 1774 3710; x_wconf 92' lang='lat' dir='ltr'><strong>de</strong></span> 
     </span>
     <span class='ocr_line' id='line_1_31' title="bbox 372 3733 1775 3813; baseline 0.001 -20"><span class='ocrx_word' id='word_1_257' title='bbox 372 3737 542 3812; x_wconf 87' lang='lat' dir='ltr'><strong>questione</strong></span> <span class='ocrx_word' id='word_1_258' title='bbox 567 3741 599 3794; x_wconf 91' lang='lat' dir='ltr'><strong>et</strong></span> <span class='ocrx_word' id='word_1_259' title='bbox 621 3751 679 3813; x_wconf 90' lang='lat' dir='ltr'><strong>per</strong></span> <span class='ocrx_word' id='word_1_260' title='bbox 701 3750 911 3812; x_wconf 89' lang='lat' dir='ltr'><strong>consequens</strong></span> <span class='ocrx_word' id='word_1_261' title='bbox 935 3733 975 3794; x_wconf 92' lang='lat' dir='ltr'><strong>de</strong></span> <span class='ocrx_word' id='word_1_262' title='bbox 1000 3740 1067 3795; x_wconf 89' lang='lat' dir='ltr'><strong>toto</strong></span> <span class='ocrx_word' id='word_1_263' title='bbox 1091 3735 1170 3796; x_wconf 91' lang='lat' dir='ltr'><strong>libro</strong></span> <span class='ocrx_word' id='word_1_264' title='bbox 1193 3735 1510 3813; x_wconf 87' lang='lat' dir='ltr'><strong>predicamentorum</strong></span> <span class='ocrx_word' id='word_1_265' title='bbox 1535 3735 1631 3796; x_wconf 87' lang='lat' dir='ltr'><strong>Arist.</strong></span> <span class='ocrx_word' id='word_1_266' title='bbox 1650 3733 1775 3796; x_wconf 87' lang='lat' dir='ltr'><strong>Finitus</strong></span> 
     </span>
     <span class='ocr_line' id='line_1_32' title="bbox 371 3818 1635 3900; baseline 0.001 -20"><span class='ocrx_word' id='word_1_267' title='bbox 371 3824 404 3881; x_wconf 91' lang='lat' dir='ltr'><strong>in</strong></span> <span class='ocrx_word' id='word_1_268' title='bbox 427 3825 546 3880; x_wconf 87' lang='lat' dir='ltr'><strong>octava</strong></span> <span class='ocrx_word' id='word_1_269' title='bbox 568 3837 595 3881; x_wconf 92' lang='lat' dir='ltr'><strong>s.</strong></span> <span class='ocrx_word' id='word_1_270' title='bbox 620 3818 765 3899; x_wconf 86' lang='lat' dir='ltr'><strong>Gregorii</strong></span> <span class='ocrx_word' id='word_1_271' title='bbox 789 3837 846 3900; x_wconf 89' lang='lat' dir='ltr'><strong>per</strong></span> <span class='ocrx_word' id='word_1_272' title='bbox 869 3837 921 3881; x_wconf 92' lang='lat' dir='ltr'><strong>me</strong></span> <span class='ocrx_word' id='word_1_273' title='bbox 944 3818 1163 3898; x_wconf 66' lang='lat' dir='ltr'><strong>martinum)</strong></span> <span class='ocrx_word' id='word_1_274' title='bbox 1185 3821 1228 3884; x_wconf 87' lang='lat' dir='ltr'><strong>de</strong></span> <span class='ocrx_word' id='word_1_275' title='bbox 1252 3819 1443 3900; x_wconf 74' lang='lat' dir='ltr'><strong>Gllatovia)</strong></span> <span class='ocrx_word' id='word_1_276' title='bbox 1466 3823 1635 3882; x_wconf 82' lang='lat' dir='ltr'><strong>sabbato«</strong></span> 
     </span>
    </p>

    <p class='ocr_par' dir='ltr' id='par_1_13' title="bbox 371 3905 1775 4333">
     <span class='ocr_line' id='line_1_33' title="bbox 479 3905 1774 3987; baseline 0.003 -21"><span class='ocrx_word' id='word_1_277' title='bbox 479 3906 499 3966; x_wconf 85' lang='lat' dir='ltr'><strong>t.</strong></span> <span class='ocrx_word' id='word_1_278' title='bbox 525 3905 685 3968; x_wconf 64' lang='lat' dir='ltr'><strong>712--80a</strong></span> <span class='ocrx_word' id='word_1_279' title='bbox 716 3905 950 3986; x_wconf 80' lang='lat' dir='ltr'><strong>Quaestiones</strong></span> <span class='ocrx_word' id='word_1_280' title='bbox 973 3922 1079 3985; x_wconf 88' lang='lat' dir='ltr'><strong>super</strong></span> <span class='ocrx_word' id='word_1_281' title='bbox 1101 3906 1172 3970; x_wconf 88' lang='lat' dir='ltr'><strong>Sex</strong></span> <span class='ocrx_word' id='word_1_282' title='bbox 1193 3906 1375 3987; x_wconf 87' lang='lat' dir='ltr'><strong>principiis</strong></span> <span class='ocrx_word' id='word_1_283' title='bbox 1406 3906 1551 3970; x_wconf 87' lang='lat' dir='ltr'><strong>Gilberti</strong></span> <span class='ocrx_word' id='word_1_284' title='bbox 1580 3906 1774 3970; x_wconf 87' lang='lat' dir='ltr'><strong>Porretani.</strong></span> 
     </span>
     <span class='ocr_line' id='line_1_34' title="bbox 375 3991 1772 4073; baseline 0.001 -19"><span class='ocrx_word' id='word_1_285' title='bbox 375 3991 490 4054; x_wconf 74' lang='lat' dir='ltr'><strong>»Circa</strong></span> <span class='ocrx_word' id='word_1_286' title='bbox 519 3995 649 4054; x_wconf 91' lang='lat' dir='ltr'><strong>inicium</strong></span> <span class='ocrx_word' id='word_1_287' title='bbox 681 4009 742 4054; x_wconf 88' lang='lat' dir='ltr'><strong>sex</strong></span> <span class='ocrx_word' id='word_1_288' title='bbox 765 3998 898 4073; x_wconf 89' lang='lat' dir='ltr'><strong>princip.</strong></span> <span class='ocrx_word' id='word_1_289' title='bbox 923 3993 1072 4055; x_wconf 89' lang='lat' dir='ltr'><strong>Poretani</strong></span> <span class='ocrx_word' id='word_1_290' title='bbox 1107 3999 1270 4073; x_wconf 85' lang='lat' dir='ltr'><strong>episcopi«</strong></span> <span class='ocrx_word' id='word_1_291' title='bbox 1300 3997 1338 4072; x_wconf 88' lang='lat'><strong>&gt;&lt;</strong></span> <span class='ocrx_word' id='word_1_292' title='bbox 1366 3994 1426 4056; x_wconf 80' lang='lat' dir='ltr'><strong>»Et</strong></span> <span class='ocrx_word' id='word_1_293' title='bbox 1447 3995 1510 4056; x_wconf 87' lang='lat' dir='ltr'><strong>hec</strong></span> <span class='ocrx_word' id='word_1_294' title='bbox 1532 3994 1573 4054; x_wconf 93' lang='lat' dir='ltr'><strong>de</strong></span> <span class='ocrx_word' id='word_1_295' title='bbox 1597 4001 1772 4073; x_wconf 88' lang='lat' dir='ltr'><strong>questione</strong></span> 
     </span>
     <span class='ocr_line' id='line_1_35' title="bbox 372 4079 1775 4160; baseline 0.003 -20"><span class='ocrx_word' id='word_1_296' title='bbox 372 4084 403 4140; x_wconf 92' lang='lat' dir='ltr'><strong>et</strong></span> <span class='ocrx_word' id='word_1_297' title='bbox 425 4096 482 4158; x_wconf 91' lang='lat' dir='ltr'><strong>per</strong></span> <span class='ocrx_word' id='word_1_298' title='bbox 505 4095 715 4158; x_wconf 88' lang='lat' dir='ltr'><strong>consequens</strong></span> <span class='ocrx_word' id='word_1_299' title='bbox 738 4080 778 4140; x_wconf 91' lang='lat' dir='ltr'><strong>de</strong></span> <span class='ocrx_word' id='word_1_300' title='bbox 803 4085 870 4141; x_wconf 87' lang='lat' dir='ltr'><strong>toto</strong></span> <span class='ocrx_word' id='word_1_301' title='bbox 904 4081 983 4141; x_wconf 87' lang='lat' dir='ltr'><strong>libro</strong></span> <span class='ocrx_word' id='word_1_302' title='bbox 1015 4097 1075 4143; x_wconf 89' lang='lat' dir='ltr'><strong>sex</strong></span> <span class='ocrx_word' id='word_1_303' title='bbox 1106 4085 1205 4159; x_wconf 89' lang='lat' dir='ltr'><strong>pn&#39;nc.</strong></span> <span class='ocrx_word' id='word_1_304' title='bbox 1238 4079 1370 4142; x_wconf 90' lang='lat' dir='ltr'><strong>Gilberti</strong></span> <span class='ocrx_word' id='word_1_305' title='bbox 1398 4085 1502 4160; x_wconf 91' lang='lat' dir='ltr'><strong>episc.</strong></span> <span class='ocrx_word' id='word_1_306' title='bbox 1538 4079 1700 4150; x_wconf 86' lang='lat' dir='ltr'><strong>Poretani.</strong></span> <span class='ocrx_word' id='word_1_307' title='bbox 1724 4087 1775 4144; x_wconf 93' lang='lat' dir='ltr'><strong>cui</strong></span> 
     </span>
     <span class='ocr_line' id='line_1_36' title="bbox 372 4164 1773 4246; baseline 0.001 -19"><span class='ocrx_word' id='word_1_308' title='bbox 372 4166 446 4227; x_wconf 89' lang='lat' dir='ltr'><strong>linis</strong></span> <span class='ocrx_word' id='word_1_309' title='bbox 469 4169 642 4243; x_wconf 85' lang='lat' dir='ltr'><strong>impositus</strong></span> <span class='ocrx_word' id='word_1_310' title='bbox 666 4172 717 4227; x_wconf 88' lang='lat' dir='ltr'><strong>est</strong></span> <span class='ocrx_word' id='word_1_311' title='bbox 738 4169 771 4228; x_wconf 88' lang='lat' dir='ltr'><strong>in</strong></span> <span class='ocrx_word' id='word_1_312' title='bbox 794 4168 901 4245; x_wconf 89' lang='lat' dir='ltr'><strong>vigilia</strong></span> <span class='ocrx_word' id='word_1_313' title='bbox 923 4171 1193 4229; x_wconf 87' lang='lat' dir='ltr'><strong>annunciacionis</strong></span> <span class='ocrx_word' id='word_1_314' title='bbox 1224 4184 1251 4228; x_wconf 82' lang='lat' dir='ltr'><strong>S.</strong></span> <span class='ocrx_word' id='word_1_315' title='bbox 1275 4167 1376 4228; x_wconf 80' lang='lat' dir='ltr'><strong>Maris</strong></span> <span class='ocrx_word' id='word_1_316' title='bbox 1407 4187 1436 4230; x_wconf 87' lang='lat' dir='ltr'><strong>a.</strong></span> <span class='ocrx_word' id='word_1_317' title='bbox 1461 4168 1493 4232; x_wconf 95' lang='lat' dir='ltr'><strong>d.</strong></span> <span class='ocrx_word' id='word_1_318' title='bbox 1519 4164 1602 4230; x_wconf 81' lang='lat'>1456</span> <span class='ocrx_word' id='word_1_319' title='bbox 1638 4187 1697 4246; x_wconf 92' lang='lat' dir='ltr'><strong>per</strong></span> <span class='ocrx_word' id='word_1_320' title='bbox 1721 4186 1773 4229; x_wconf 89' lang='lat' dir='ltr'><strong>me</strong></span> 
     </span>
     <span class='ocr_line' id='line_1_37' title="bbox 371 4250 1355 4333; baseline 0 -19"><span class='ocrx_word' id='word_1_321' title='bbox 371 4251 559 4314; x_wconf 83' lang='lat' dir='ltr'><strong>Martinum</strong></span> <span class='ocrx_word' id='word_1_322' title='bbox 584 4254 626 4314; x_wconf 91' lang='lat' dir='ltr'><strong>de</strong></span> <span class='ocrx_word' id='word_1_323' title='bbox 649 4250 811 4315; x_wconf 86' lang='lat' dir='ltr'><strong>Glatovia</strong></span> <span class='ocrx_word' id='word_1_324' title='bbox 839 4259 976 4330; x_wconf 91' lang='lat' dir='ltr'><strong>protunc</strong></span> <span class='ocrx_word' id='word_1_325' title='bbox 999 4258 1032 4315; x_wconf 92' lang='lat' dir='ltr'><strong>in</strong></span> <span class='ocrx_word' id='word_1_326' title='bbox 1056 4255 1191 4333; x_wconf 86' lang='lat' dir='ltr'><strong>collegio</strong></span> <span class='ocrx_word' id='word_1_327' title='bbox 1208 4253 1355 4316; x_wconf 80' lang='lat' dir='ltr'><strong>Caroli«</strong></span> 
     </span>
    </p>
   </div>
   <div class='ocr_carea' id='block_1_12' title="bbox 371 4333 1899 4507">
    <p class='ocr_par' dir='ltr' id='par_1_14' title="bbox 371 4333 1899 4507">
     <span class='ocr_line' id='line_1_38' title="bbox 481 4333 1899 4419; baseline 0.004 -20"><span class='ocrx_word' id='word_1_328' title='bbox 481 4337 501 4398; x_wconf 90' lang='lat' dir='ltr'><strong>l.</strong></span> <span class='ocrx_word' id='word_1_329' title='bbox 525 4333 688 4400; x_wconf 63' lang='lat' dir='ltr'><strong>sot-mh</strong></span> <span class='ocrx_word' id='word_1_330' title='bbox 718 4338 953 4419; x_wconf 80' lang='lat' dir='ltr'><strong>Quaestiones</strong></span> <span class='ocrx_word' id='word_1_331' title='bbox 984 4356 1090 4417; x_wconf 88' lang='lat' dir='ltr'><strong>super</strong></span> <span class='ocrx_word' id='word_1_332' title='bbox 1118 4339 1207 4402; x_wconf 88' lang='lat' dir='ltr'><strong>libro</strong></span> <span class='ocrx_word' id='word_1_333' title='bbox 1238 4339 1453 4403; x_wconf 89' lang='lat' dir='ltr'><strong>divisionum</strong></span> <span class='ocrx_word' id='word_1_334' title='bbox 1476 4341 1623 4405; x_wconf 69' lang='lat' dir='ltr'><strong>Boethii.</strong></span> <span class='ocrx_word' id='word_1_335' title='bbox 1661 4341 1776 4404; x_wconf 76' lang='lat' dir='ltr'><strong>»Circa</strong></span> <span class='ocrx_word' id='word_1_336' title='bbox 1898 4367 1899 4378; x_wconf 49' lang='lat'>¹</span> 
     </span>
     <span class='ocr_line' id='line_1_39' title="bbox 371 4425 1899 4507; baseline 0.003 -21"><span class='ocrx_word' id='word_1_337' title='bbox 371 4428 502 4486; x_wconf 89' lang='lat' dir='ltr'><strong>inicium</strong></span> <span class='ocrx_word' id='word_1_338' title='bbox 526 4426 593 4486; x_wconf 87' lang='lat' dir='ltr'><strong>libri</strong></span> <span class='ocrx_word' id='word_1_339' title='bbox 618 4426 710 4486; x_wconf 91' lang='lat' dir='ltr'><strong>divis.</strong></span> <span class='ocrx_word' id='word_1_340' title='bbox 736 4425 868 4488; x_wconf 88' lang='lat' dir='ltr'><strong>Bohecii</strong></span> <span class='ocrx_word' id='word_1_341' title='bbox 892 4433 1040 4488; x_wconf 89' lang='lat' dir='ltr'><strong>movetur</strong></span> <span class='ocrx_word' id='word_1_342' title='bbox 1063 4431 1166 4506; x_wconf 89' lang='lat' dir='ltr'><strong>primo</strong></span> <span class='ocrx_word' id='word_1_343' title='bbox 1189 4432 1337 4507; x_wconf 77' lang='lat' dir='ltr'><strong>questio«</strong></span> <span class='ocrx_word' id='word_1_344' title='bbox 1358 4429 1396 4506; x_wconf 90' lang='lat'><strong>&gt;&lt;</strong></span> <span class='ocrx_word' id='word_1_345' title='bbox 1417 4426 1477 4489; x_wconf 80' lang='lat' dir='ltr'><strong>»Et</strong></span> <span class='ocrx_word' id='word_1_346' title='bbox 1498 4428 1560 4489; x_wconf 90' lang='lat' dir='ltr'><strong>hec</strong></span> <span class='ocrx_word' id='word_1_347' title='bbox 1584 4429 1624 4488; x_wconf 92' lang='lat' dir='ltr'><strong>de</strong></span> <span class='ocrx_word' id='word_1_348' title='bbox 1650 4434 1774 4507; x_wconf 91' lang='lat' dir='ltr'><strong>questi·</strong></span> <span class='ocrx_word' id='word_1_349' title='bbox 1898 4439 1899 4446; x_wconf 76' lang='grc'>’</span> 
     </span>
    </p>
   </div>
   <div class='ocr_carea' id='block_1_13' title="bbox 372 4517 1774 4680">
    <p class='ocr_par' dir='ltr' id='par_1_15' title="bbox 372 4517 1774 4680">
     <span class='ocr_line' id='line_1_40' title="bbox 372 4517 1774 4680; baseline 0.004 -23"><span class='ocrx_word' id='word_1_350' title='bbox 372 4528 454 4573; x_wconf 50' lang='grc' dir='ltr'><strong>ΟΜ(</strong></span> <span class='ocrx_word' id='word_1_351' title='bbox 480 4517 708 4660; x_wconf 50' lang='lat' dir='ltr'><strong>{mim-108⁵</strong></span> <span class='ocrx_word' id='word_1_352' title='bbox 732 4599 966 4680; x_wconf 80' lang='lat' dir='ltr'><strong>Quaestiones</strong></span> <span class='ocrx_word' id='word_1_353' title='bbox 989 4615 1096 4677; x_wconf 89' lang='lat' dir='ltr'><strong>super</strong></span> <span class='ocrx_word' id='word_1_354' title='bbox 1118 4599 1217 4662; x_wconf 90' lang='lat' dir='ltr'><strong>libris</strong></span> <span class='ocrx_word' id='word_1_355' title='bbox 1248 4599 1525 4674; x_wconf 83' lang='lat' dir='ltr'><strong>perihermenias</strong></span> <span class='ocrx_word' id='word_1_356' title='bbox 1557 4599 1774 4663; x_wconf 81' lang='lat' dir='ltr'><strong>Aristotelis.</strong></span> 
     </span>
    </p>
   </div>
   <div class='ocr_carea' id='block_1_14' title="bbox 375 4685 1899 4770">
    <p class='ocr_par' dir='ltr' id='par_1_16' title="bbox 375 4685 1899 4770">
     <span class='ocr_line' id='line_1_41' title="bbox 375 4685 1899 4770; baseline 0.001 -22"><span class='ocrx_word' id='word_1_357' title='bbox 375 4686 428 4748; x_wconf 87' lang='lat' dir='ltr'><strong>»ln</strong></span> <span class='ocrx_word' id='word_1_358' title='bbox 460 4689 616 4764; x_wconf 91' lang='lat' dir='ltr'><strong>principio</strong></span> <span class='ocrx_word' id='word_1_359' title='bbox 650 4686 718 4746; x_wconf 92' lang='lat' dir='ltr'><strong>libri</strong></span> <span class='ocrx_word' id='word_1_360' title='bbox 753 4689 1014 4766; x_wconf 85' lang='lat' dir='ltr'><strong>peryermenias‹</strong></span> <span class='ocrx_word' id='word_1_361' title='bbox 1043 4689 1081 4766; x_wconf 85' lang='lat'><strong>&gt;&lt;</strong></span> <span class='ocrx_word' id='word_1_362' title='bbox 1110 4685 1168 4748; x_wconf 81' lang='lat' dir='ltr'><strong>»Et</strong></span> <span class='ocrx_word' id='word_1_363' title='bbox 1202 4688 1262 4749; x_wconf 89' lang='lat' dir='ltr'><strong>hec</strong></span> <span class='ocrx_word' id='word_1_364' title='bbox 1304 4687 1345 4748; x_wconf 91' lang='lat' dir='ltr'><strong>de</strong></span> <span class='ocrx_word' id='word_1_365' title='bbox 1382 4693 1652 4766; x_wconf 88' lang='lat' dir='ltr'><strong>questione...</strong></span> <span class='ocrx_word' id='word_1_366' title='bbox 1690 4688 1776 4750; x_wconf 88' lang='lat' dir='ltr'><strong>dicta</strong></span> <span class='ocrx_word' id='word_1_367' title='bbox 1898 4751 1899 4770; x_wconf 18' lang='grc' dir='ltr'><strong>ἶ</strong></span> 
     </span>
    </p>
   </div>
   <div class='ocr_carea' id='block_1_15' title="bbox 373 4771 1777 5111">
    <p class='ocr_par' dir='ltr' id='par_1_17' title="bbox 373 4771 1777 5111">
     <span class='ocr_line' id='line_1_42' title="bbox 373 4771 1775 4939; baseline 0.003 -21"><span class='ocrx_word' id='word_1_368' title='bbox 373 4771 732 4920; x_wconf 48' lang='grc' dir='ltr'><strong>ευίῇωῗῃῗὼδ-ῙΨ</strong></span> <span class='ocrx_word' id='word_1_369' title='bbox 766 4856 1000 4937; x_wconf 79' lang='lat' dir='ltr'><strong>Quaestiones</strong></span> <span class='ocrx_word' id='word_1_370' title='bbox 1035 4875 1142 4938; x_wconf 88' lang='lat' dir='ltr'><strong>super</strong></span> <span class='ocrx_word' id='word_1_371' title='bbox 1166 4857 1326 4921; x_wconf 90' lang='lat' dir='ltr'><strong>Priorum</strong></span> <span class='ocrx_word' id='word_1_372' title='bbox 1352 4859 1611 4939; x_wconf 86' lang='lat' dir='ltr'><strong>analyticorum</strong></span> <span class='ocrx_word' id='word_1_373' title='bbox 1636 4859 1775 4922; x_wconf 82' lang='lat' dir='ltr'><strong>Aristo-</strong></span> 
     </span>
     <span class='ocr_line' id='line_1_43' title="bbox 373 4943 1777 5026; baseline 0 -20"><span class='ocrx_word' id='word_1_374' title='bbox 373 4944 463 5006; x_wconf 87' lang='lat' dir='ltr'><strong>telis.</strong></span> <span class='ocrx_word' id='word_1_375' title='bbox 492 4943 605 5006; x_wconf 81' lang='lat' dir='ltr'><strong>»Circa</strong></span> <span class='ocrx_word' id='word_1_376' title='bbox 626 4947 757 5005; x_wconf 90' lang='lat' dir='ltr'><strong>inicium</strong></span> <span class='ocrx_word' id='word_1_377' title='bbox 781 4947 873 5023; x_wconf 91' lang='lat' dir='ltr'><strong>primi</strong></span> <span class='ocrx_word' id='word_1_378' title='bbox 898 4947 966 5006; x_wconf 89' lang='lat' dir='ltr'><strong>libri</strong></span> <span class='ocrx_word' id='word_1_379' title='bbox 990 4949 1152 5024; x_wconf 77' lang='lat' dir='ltr'><strong>priorum«</strong></span> <span class='ocrx_word' id='word_1_380' title='bbox 1179 4947 1219 5026; x_wconf 87' lang='lat'><strong>&gt;&lt;</strong></span> <span class='ocrx_word' id='word_1_381' title='bbox 1246 4945 1306 5007; x_wconf 84' lang='lat' dir='ltr'><strong>»Et</strong></span> <span class='ocrx_word' id='word_1_382' title='bbox 1327 4947 1389 5007; x_wconf 88' lang='lat' dir='ltr'><strong>hec</strong></span> <span class='ocrx_word' id='word_1_383' title='bbox 1414 4946 1455 5007; x_wconf 88' lang='lat' dir='ltr'><strong>de</strong></span> <span class='ocrx_word' id='word_1_384' title='bbox 1481 4951 1654 5026; x_wconf 91' lang='lat' dir='ltr'><strong>questione</strong></span> <span class='ocrx_word' id='word_1_385' title='bbox 1671 4953 1703 5008; x_wconf 89' lang='lat' dir='ltr'><strong>et</strong></span> <span class='ocrx_word' id='word_1_386' title='bbox 1718 4964 1777 5026; x_wconf 88' lang='lat' dir='ltr'><strong>per</strong></span> 
     </span>
     <span class='ocr_line' id='line_1_44' title="bbox 373 5029 1408 5111; baseline 0.001 -20"><span class='ocrx_word' id='word_1_387' title='bbox 373 5047 585 5110; x_wconf 88' lang='lat' dir='ltr'><strong>consequens</strong></span> <span class='ocrx_word' id='word_1_388' title='bbox 614 5030 656 5092; x_wconf 87' lang='lat' dir='ltr'><strong>de</strong></span> <span class='ocrx_word' id='word_1_389' title='bbox 679 5035 747 5092; x_wconf 92' lang='lat' dir='ltr'><strong>toto</strong></span> <span class='ocrx_word' id='word_1_390' title='bbox 771 5032 800 5093; x_wconf 88' lang='lat'><strong>2.</strong></span> <span class='ocrx_word' id='word_1_391' title='bbox 825 5032 905 5093; x_wconf 90' lang='lat' dir='ltr'><strong>libro</strong></span> <span class='ocrx_word' id='word_1_392' title='bbox 929 5035 1071 5111; x_wconf 91' lang='lat' dir='ltr'><strong>priorum</strong></span> <span class='ocrx_word' id='word_1_393' title='bbox 1096 5050 1124 5094; x_wconf 86' lang='lat' dir='ltr'><strong>a.</strong></span> <span class='ocrx_word' id='word_1_394' title='bbox 1149 5032 1180 5094; x_wconf 91' lang='lat' dir='ltr'><strong>d.</strong></span> <span class='ocrx_word' id='word_1_395' title='bbox 1207 5029 1309 5094; x_wconf 74' lang='lat'>1458·</span> <span class='ocrx_word' id='word_1_396' title='bbox 1336 5079 1343 5094; x_wconf 94' lang='lat'><strong>.</strong></span> <span class='ocrx_word' id='word_1_397' title='bbox 1368 5079 1376 5094; x_wconf 94' lang='lat'><strong>.</strong></span> <span class='ocrx_word' id='word_1_398' title='bbox 1401 5079 1408 5092; x_wconf 93' lang='lat'><strong>.</strong></span> 
     </span>
    </p>
   </div>
   <div class='ocr_carea' id='block_1_16' title="bbox 1042 5255 1099 5307">
    <p class='ocr_par' dir='ltr' id='par_1_18' title="bbox 1042 5255 1099 5307">
     <span class='ocr_line' id='line_1_45' title="bbox 1042 5255 1099 5307; baseline 0.053 -3"><span class='ocrx_word' id='word_1_399' title='bbox 1042 5255 1099 5307; x_wconf 81' lang='lat'><strong>284</strong></span> 
     </span>
    </p>
   </div>
   <div class='ocr_carea' id='block_1_17' title="bbox 0 0 1922 5960">
    <p class='ocr_par' dir='ltr' id='par_1_19' title="bbox 0 0 1922 5960">
     <span class='ocr_line' id='line_1_46' title="bbox 0 0 1922 5960; baseline 0 0"><span class='ocrx_word' id='word_1_400' title='bbox 0 0 1922 5960; x_wconf 95' lang='lat' dir='ltr'><strong> </strong></span> 
     </span>
    </p>
   </div>
  </div>
 </body>
</html>
