3856 5974
807 568 889 630 1548

253 775 275 837 i
304 772 489 838 482-13212
527 775 834 840 »confessionne«
867 775 1231 856 &dengemanicum
1263 779 1319 850 (z
1332 773 1472 840 Summa
1506 776 1548 838 de

144 863 367 943 poenitentia).
405 859 566 924 »libellus
587 867 648 925 iste
672 863 713 924 de
735 865 920 942 penitencia
939 869 1006 924 tres
1028 864 1128 926 habet
1150 867 1307 924 nasutius
1326 910 1333 923 .
1353 910 1388 926 ..
1414 859 1547 924 Habent

141 946 286 1029 Moysen
316 955 349 1010 et
381 949 577 1029 prophetas«
603 951 646 1024 ><
670 949 828 1029 »Explicit
860 951 985 1012 bonum
1023 949 1265 1012 confessionale
1297 950 1454 1029 scriptum
1487 965 1547 1011 seu

143 1035 354 1114 compllabun
388 1035 520 1097 duobus
549 1033 786 1116 ydyomatibus
821 1035 943 1098 scilicet
972 1035 1072 1098 latino
1101 1042 1134 1098 et
1155 1035 1365 1097 teuthunico«
1387 1035 1546 1114 ...(La·

142 1121 495 1185 teinisch-deutscher
517 1117 797 1202 Beichtspiegel.)
832 1117 989 1185 Summae
1020 1125 1137 1186 latinae
1170 1128 1285 1184 auctor
1317 1127 1369 1184 est
1398 1119 1442 1185 M.
1475 1122 1547 1185 Ste-

143 1211 285 1287 phanus
307 1207 494 1272 Chimaera
514 1203 557 1271 de
580 1203 728 1272 Colonia
748 1208 803 1284 (ci.
827 1207 900 1272 cod.
924 1209 946 1272 1.
971 1207 1011 1270 G.
1038 1209 1085 1272 14.
1110 1208 1131 1272 i.
1160 1207 1244 1285 124).
1470 1235 1471 1238 ¹

253 1294 276 1358 f.
303 1293 504 1358 1332—137·
529 1291 564 1358 S.
586 1293 775 1375 Augustini
796 1291 952 1359 Libellus
978 1295 1022 1358 de
1043 1291 1209 1360 conflictu
1232 1294 1400 1358 vitiorum
1424 1299 1460 1358 et
1482 1291 1549 1358 vir·

144 1385 273 1444 tutum.
300 1383 511 1461 »Apostolica
533 1399 618 1445 vox«
643 1385 677 1442 ><
703 1399 799 1444 »esse
822 1399 897 1445 cum
923 1379 1063 1458 Christo,
1088 1385 1161 1462 qui«
1187 1389 1247 1446 etc.

252 1467 275 1530 f.
302 1466 502 1531 1372-138·
522 1467 691 1531 Eiusdem
720 1469 877 1532 Libellus
907 1470 949 1532 de
978 1470 1083 1533 beato
1110 1469 1257 1532 latrone.
1290 1467 1403 1530 »Deus
1426 1475 1495 1531 erat
1518 1473 1552 1530 in

144 1555 292 1617 Christo«
318 1557 352 1614 ><
377 1555 474 1617 »dum
497 1557 626 1618 veneris
650 1559 682 1618 in
706 1571 842 1635 regnum
866 1562 989 1618 tuum«

253 1641 276 1703 l.
303 1639 503 1704 138·-139·
523 1640 690 1705 Eiusdem
712 1643 836 1706 Sermo
858 1644 901 1705 de
923 1640 1151 1706 continentia.

252 1726 273 1788 t.
302 1726 503 1790 1392-1401
527 1728 693 1792 Eiusdem
716 1729 947 1808 soliloquium
969 1733 1017 1805 (in
1041 1730 1106 1792 fine
1129 1733 1308 1794 mancum).

253 1814 274 1876 i.
302 1815 409 1877 141·-
423 1811 499 1876 153·
522 1809 575 1878 rr.
599 1811 745 1878 Rolandi
768 1818 810 1879 de
833 1812 1029 1879 comitibus
1051 1813 1264 1878 viridarium
1281 1812 1548 1876 consolationis.

147 1897 342 1980 »Quoniam
365 1907 401 1962 ut
422 1905 468 1964 ait
488 1901 659 1982 apostolus
683 1899 813 1964 Petrus«
842 1905 881 1981 ><
907 1921 991 1982 »pax
1015 1903 1085 1965 sine
1108 1901 1184 1964 fine.
1208 1901 1348 1981 Explicit
1366 1916 1451 1980 opus
1467 1917 1550 1962 con-

145 1988 248 2048 ditum
271 2006 292 2049 a
315 1988 402 2050 dom.
426 1986 463 2050 fr.
487 1987 635 2051 Rolando
657 1995 735 2051 nato
748 1989 789 2049 de
802 1987 985 2052 Comitibus
997 1991 1194 2068 opusculum
1207 1989 1312 2051 fratris
1324 1986 1365 2048 de
1382 1987 1548 2067 quadamti

144 2077 231 2150 (sic).
271 2071 424 2154 Sequitur
459 2074 512 2136 iol.
544 2092 611 2137 non
647 2093 782 2152 numer,
817 2079 849 2137 in
884 2092 950 2155 quo
987 2080 1070 2137 inter
1103 2077 1251 2137 diversas
1285 2080 1382 2136 notas
1408 2090 1549 2152 oceurqr

148 2155 286 2222 »Oracio
309 2159 487 2222 iudeorum
510 2162 710 2224 maledicens
733 2161 917 2224 christianis
941 2169 1073 2241 sumpta
1095 2163 1136 2223 de
1158 2161 1342 2224 Thalmut.«

254 2247 276 2308 1.
303 2245 504 2310 leot-159·
527 2247 844 2324 (anepigr.)1·lenrici
867 2249 910 2311 de
925 2248 1128 2328 Merseburg
1149 2248 1283 2311 lectura
1306 2246 1343 2308 in
1356 2244 1549 2309 decretales

145 2331 433 2413 (Fragmentum).
461 2333 571 2396 »Sicut
593 2336 671 2396 dicit
699 2336 751 2396 lex
782 2336 822 2397 de
852 2341 951 2397 veteri
983 2340 1167 2397 testamenti
1198 2339 1285 2397 iure«
1311 2333 1343 2392 ><
1390 2331 1548 2397 Suocirca

145 2419 345 2482 mandamus
368 2427 448 2483 etc«
474 2421 551 2500 (sic)
581 2419 630 2484 Cf.
666 2421 809 2496 Schulte‚
840 2421 961 2483 Gesch.
997 2423 1027 2483 d.
1053 2419 1189 2502 Quellen
1211 2421 1246 2494 ll,
1270 2421 1343 2482 244.
1371 2425 1544 2500 »equitum

145 2507 267 2568 solutio
289 2507 393 2568 dubii:
421 2505 581 2587 »Quidam
605 2508 799 2571 credebatur
820 2513 1008 2588 episcopus,
1041 2509 1191 2570 sednon
1215 2513 1311 2570 erat«

252 2589 274 2654 i.
302 2590 503 2656 1591--2621
526 2595 683 2673 (anepigr.)
706 2593 912 2658 Passionale
936 2593 1061 2676 (Jacobi
1085 2595 1126 2656 de
1149 2591 1344 2673 Voraginei)
1374 2591 1545 2654 »Andreas

144 2682 372 2758 interpretatur
394 2681 552 2742 decorus«
580 2683 612 2740 ><
638 2681 782 2743 »Finitus
805 2687 856 2743 est
879 2684 958 2744 liber
979 2687 1041 2744 iste
1065 2699 1122 2760 per
1144 2699 1197 2743 me
1220 2681 1404 2744 Nicolaum
1421 2680 1464 2741 de
1479 2678 1546 2741 Na-

145 2766 246 2828 dwor
267 2784 296 2828 a.
328 2767 359 2829 d.
385 2765 468 2830 1409
490 2767 547 2829 fer.
581 2765 623 2830 IV
653 2767 735 2829 infra
765 2775 900 2830 octavas
923 2773 1069 2847 corporis
1093 2767 1241 2831 Christi«
1269 2767 1316 2842 (F.
1340 2761 1547 2828 2371)-239ι

144 2857 268 2914 inserta
290 2858 341 2914 est
362 2854 438 2916 vita
460 2871 488 2916 s.
514 2853 713 2917 wenceslai
739 2853 890 2917 »Oriente
913 2861 978 2917 iam
1003 2855 1119 2934 sole«)

254 2939 275 3001 1.
300 2935 504 3003 2632—28812
526 2945 618 3016 (saec.
642 2943 720 3012 X1V‚
744 2945 888 3019 anepigr.)
911 2941 1098 3020 Expositio
1129 2940 1299 3004 orationis
1328 2938 1405 3000 Ave
1428 2937 1547 3013 Maria,

144 3029 178 3086 in
202 3025 268 3087 fine
290 3043 417 3089 manca.
444 3025 534 3088 »Ave
556 3026 667 3089 Maria.
692 3027 762 3089 Hac
786 3031 944 3090 salutacio
967 3030 998 3089 b.
1014 3028 1166 3107 virginis«
1187 3027 1226 3106 ><
1247 3029 1355 3106 »prius
1372 3025 1548 3104 recipiebat

145 3111 276 3173 radios«
302 3117 425 3188 (cetera
447 3113 590 3193 desunt).

257 3199 349 3259 Vetus
372 3203 449 3274 sign.
472 3201 504 3274 E,
530 3205 580 3261 36.

254 3369 352 3450 1547
580 3368 683 3448 VIII.
710 3371 757 3450 E.
784 3371 845 3448 22.
874 3387 920 3454 (r.
940 3386 962 3439 1.
974 3388 999 3438 r.
1014 3403 1039 3440 n.
1055 3389 1126 3452 ιω.)

146 3504 258 3572 chart.
281 3526 370 3572 saec.
392 3505 480 3572 XIV
489 3507 539 3588 ff.
561 3510 616 3586 82,
637 3511 809 3574 27·5><21
834 3530 897 3574 cm.
921 3513 939 3575 1
964 3531 1009 3574 m.

212 3630 385 3710 (lingonis
408 3631 450 3693 de
473 3631 508 3694 S.
530 3627 687 3716 Victore)
709 3631 906 3712 Allegoriae
926 3633 1067 3697 Veteris
1090 3639 1126 3697 et
1147 3633 1241 3698 Novi
1263 3634 1487 3698 Testamenti.

255 3717 276 3778 i.
305 3720 336 3779 1⁸
362 3717 542 3798 »Incipiunt
564 3721 714 3798 allegorie
733 3769 740 3784 .
761 3768 768 3780 .
787 3767 794 3782 .
814 3718 848 3781 In
872 3722 1123 3800 precedentibus
1139 3725 1301 3801 premissa
1316 3722 1543 3800 descripcione

145 3804 298 3882 originis«
325 3807 358 3862 ><
381 3803 401 3866 1.
427 3804 485 3864 71²
509 3805 564 3884 (de
587 3811 821 3880 commissura)
848 3813 898 3868 »et
920 3825 986 3869 non
1010 3808 1152 3887 peribit«

256 3890 274 3952 f.
301 3889 456 3954 71·-78·
488 3887 591 3954 Notae
622 3899 654 3954 et
683 3900 837 3972 excerpta
865 3897 955 3956 varia
978 3895 1161 3973 theologica
1183 3898 1248 3970 (ex.
1272 3912 1318 3974 gr.
1344 3895 1384 3956 de
1408 3912 1548 3973 evange·

145 3978 252 4053 listis).

256 4061 275 4125 1.
301 4061 463 4126 78·-82·
486 4063 682 4144 (Cypriani)
709 4062 830 4128 »Liber
851 4066 893 4129 de
915 4065 978 4129 XII
999 4065 1162 4146 gradibus
1184 4067 1374 4130 abusivis«.
1403 4067 1548 4128 »Primus

147 4150 321 4211 abusionis
343 4150 484 4230 gradus«
512 4151 545 4208 Χ
571 4155 721 4232 »incipiat
742 4155 774 4214 in
797 4151 916 4216 futuro
939 4153 1012 4216 Tak
1036 4153 1102 4214 boh
1126 4153 1221 4234 day.«

256 4239 350 4296 Vetus
374 4241 449 4312 sign.
473 4239 508 4310 D,
537 4241 583 4299 15.

255 4407 354 4488 1548
580 4407 683 4486 VIII.
710 4409 753 4485 E.
780 4408 841 4486 23.
868 4426 914 4491 (Y.
934 4426 955 4478 1.
974 4427 999 4476 2.
1013 4442 1038 4478 η.
1053 4429 1124 4492 roa.)

147 4545 339 4610 membran.
361 4565 449 4609 saec.
471 4545 691 4612 XIII-XIV
698 4549 744 4631 ff.
757 4547 832 4623 109,
853 4549 896 4612 27
910 4549 1006 4628 ><20
1017 4569 1081 4612 cm.
1105 4549 1137 4614 d.
1160 4569 1205 4612 m.
1229 4567 1305 4612 cum
1336 4549 1407 4612 init.
1424 4550 1504 4632 pict.

217 4669 354 4747 Aegidii
376 4669 418 4731 de
441 4667 613 4732 Columna
635 4669 783 4733 Romani
798 4669 848 4732 De
872 4671 1040 4750 regimine
1063 4671 1260 4750 principum
1282 4671 1364 4733 libri
1385 4678 1472 4734 tres.

255 4755 278 4817 1.
304 4759 335 4817 1⁸
366 4756 550 4835 »Prologus
573 4756 625 4819 Ex
648 4761 736 4835 regia
758 4763 790 4819 et
812 4761 1023 4820 sanctissima
1045 4763 1198 4837 prosapia
1220 4759 1360 4821 oriundo
1378 4804 1387 4821 .
1407 4805 1441 4822 ..
1472 4759 1539 4821 Phi·

147 4845 235 4921 lippo
259 4847 473 4922 primogenito
494 4889 501 4906 .
522 4889 556 4907 ..
582 4843 717 4922 Philippi
740 4848 825 4922 regis
848 4843 1066 4907 Francorum«
1096 4847 1132 4920 ><
1157 4845 1178 4907 1.
1206 4845 1284 4907 109Ι
1326 4844 1436 4924 »Expl
1469 4846 1549 4906 liber

147 4931 188 4991 de
213 4933 367 5008 regimine
399 4946 513 5010 regum
546 4937 579 4992 et
608 4934 790 5010 principum
822 4931 929 4992 editus
952 4948 972 4992 a
995 4931 1030 4994 ir.
1055 4931 1171 5010 Egidio
1195 4931 1343 4994 Romano
1367 4933 1437 4993 ord.
1461 4931 1547 4993 fratr.

148 5017 294 5078 heremit.
320 5034 347 5079 s.
370 5017 574 5096 Augustini«
601 5015 687 5097 (Alia
709 5021 868 5078 recentior
890 5033 1009 5080 manus
1032 5018 1124 5079 addit
1145 5020 1208 5080 hos
1230 5035 1365 5080 versus:
1393 5017 1549 5097 »Explicit

822 5241 871 5290 ert
