<?xml version="1.0" encoding="UTF-8"?>
<!DOCTYPE html PUBLIC "-//W3C//DTD XHTML 1.0 Transitional//EN"
    "http://www.w3.org/TR/xhtml1/DTD/xhtml1-transitional.dtd">
<html xmlns="http://www.w3.org/1999/xhtml" xml:lang="en" lang="en">
 <head>
  <title>
</title>
<meta http-equiv="Content-Type" content="text/html;charset=utf-8" />
  <meta name='ocr-system' content='tesseract 3.04.00' />
  <meta name='ocr-capabilities' content='ocr_page ocr_carea ocr_par ocr_line ocrx_word'/>
</head>
<body>
  <div class='ocr_page' id='page_1' title='image "./cataloguscodicu03truhgoog_0299.png"; bbox 0 0 3820 5960; ppageno 0'>
   <div class='ocr_carea' id='block_1_1' title="bbox 793 585 857 648">
    <p class='ocr_par' dir='ltr' id='par_1_1' title="bbox 793 585 857 648">
     <span class='ocr_line' id='line_1_1' title="bbox 793 585 857 648; baseline 0.031 -2"><span class='ocrx_word' id='word_1_1' title='bbox 793 585 857 648; x_wconf 85' lang='lat'><strong>685</strong></span> 
     </span>
    </p>
   </div>
   <div class='ocr_carea' id='block_1_2' title="bbox 233 791 1526 874">
    <p class='ocr_par' dir='ltr' id='par_1_2' title="bbox 233 791 1526 874">
     <span class='ocr_line' id='line_1_2' title="bbox 233 791 1526 874; baseline 0.003 -20"><span class='ocrx_word' id='word_1_2' title='bbox 233 794 254 854; x_wconf 90' lang='lat' dir='ltr'><strong>l.</strong></span> <span class='ocrx_word' id='word_1_3' title='bbox 278 791 483 858; x_wconf 64' lang='lat' dir='ltr'><strong>2121’--213a</strong></span> <span class='ocrx_word' id='word_1_4' title='bbox 509 795 733 873; x_wconf 84' lang='lat' dir='ltr'><strong>»Augustinus</strong></span> <span class='ocrx_word' id='word_1_5' title='bbox 757 796 798 855; x_wconf 92' lang='lat' dir='ltr'><strong>de</strong></span> <span class='ocrx_word' id='word_1_6' title='bbox 821 795 917 856; x_wconf 88' lang='lat' dir='ltr'><strong>laude</strong></span> <span class='ocrx_word' id='word_1_7' title='bbox 941 796 1162 874; x_wconf 85' lang='lat' dir='ltr'><strong>psalmorum«</strong></span> <span class='ocrx_word' id='word_1_8' title='bbox 1188 797 1220 852; x_wconf 88' lang='lat'><strong>&gt;&lt;</strong></span> <span class='ocrx_word' id='word_1_9' title='bbox 1246 796 1417 858; x_wconf 80' lang='lat' dir='ltr'><strong>»Psalmus</strong></span> <span class='ocrx_word' id='word_1_10' title='bbox 1440 800 1526 859; x_wconf 89' lang='lat' dir='ltr'><strong>enim</strong></span> 
     </span>
    </p>
   </div>
   <div class='ocr_carea' id='block_1_3' title="bbox 125 880 1175 1046">
    <p class='ocr_par' dir='ltr' id='par_1_3' title="bbox 125 880 1175 1046">
     <span class='ocr_line' id='line_1_3' title="bbox 125 880 1175 962; baseline 0.001 -21"><span class='ocrx_word' id='word_1_11' title='bbox 125 887 176 942; x_wconf 94' lang='lat' dir='ltr'><strong>est</strong></span> <span class='ocrx_word' id='word_1_12' title='bbox 197 897 344 960; x_wconf 87' lang='lat' dir='ltr'><strong>ympnus</strong></span> <span class='ocrx_word' id='word_1_13' title='bbox 367 882 420 942; x_wconf 91' lang='lat' dir='ltr'><strong>vel</strong></span> <span class='ocrx_word' id='word_1_14' title='bbox 443 883 515 941; x_wconf 83' lang='lat' dir='ltr'><strong>laus</strong></span> <span class='ocrx_word' id='word_1_15' title='bbox 539 880 601 942; x_wconf 92' lang='lat' dir='ltr'><strong>dei.</strong></span> <span class='ocrx_word' id='word_1_16' title='bbox 625 880 666 942; x_wconf 91' lang='lat' dir='ltr'><strong>Et</strong></span> <span class='ocrx_word' id='word_1_17' title='bbox 689 887 740 942; x_wconf 90' lang='lat' dir='ltr'><strong>est</strong></span> <span class='ocrx_word' id='word_1_18' title='bbox 762 881 847 943; x_wconf 78' lang='lat' dir='ltr'><strong>finis,</strong></span> <span class='ocrx_word' id='word_1_19' title='bbox 873 880 1025 943; x_wconf 88' lang='lat' dir='ltr'><strong>Prziness</strong></span> <span class='ocrx_word' id='word_1_20' title='bbox 1048 899 1175 962; x_wconf 82' lang='lat' dir='ltr'><strong>gross«</strong></span> 
     </span>
     <span class='ocr_line' id='line_1_4' title="bbox 234 962 702 1046; baseline 0.002 -18"><span class='ocrx_word' id='word_1_21' title='bbox 234 967 255 1027; x_wconf 89' lang='grc'><strong>1.</strong></span> <span class='ocrx_word' id='word_1_22' title='bbox 280 962 484 1029; x_wconf 68' lang='lat' dir='ltr'><strong>2132-216l</strong></span> <span class='ocrx_word' id='word_1_23' title='bbox 511 967 702 1046; x_wconf 88' lang='lat' dir='ltr'><strong>Registrum.</strong></span> 
     </span>
    </p>
   </div>
   <div class='ocr_carea' id='block_1_4' title="bbox 125 1091 1527 1252">
    <p class='ocr_par' dir='ltr' id='par_1_4' title="bbox 125 1091 1527 1252">
     <span class='ocr_line' id='line_1_5' title="bbox 234 1091 1527 1166; baseline 0.002 -18"><span class='ocrx_word' id='word_1_24' title='bbox 234 1091 378 1163; x_wconf 92' lang='lat' dir='ltr'><strong>Operculo</strong></span> <span class='ocrx_word' id='word_1_25' title='bbox 413 1093 495 1150; x_wconf 85' lang='lat' dir='ltr'><strong>infer.</strong></span> <span class='ocrx_word' id='word_1_26' title='bbox 531 1093 691 1163; x_wconf 82' lang='lat' dir='ltr'><strong>adligatum</strong></span> <span class='ocrx_word' id='word_1_27' title='bbox 722 1101 767 1149; x_wconf 90' lang='lat' dir='ltr'><strong>est</strong></span> <span class='ocrx_word' id='word_1_28' title='bbox 800 1094 992 1164; x_wconf 77' lang='lat' dir='ltr'><strong>fragmentum</strong></span> <span class='ocrx_word' id='word_1_29' title='bbox 1016 1095 1174 1151; x_wconf 85' lang='lat' dir='ltr'><strong>membran.</strong></span> <span class='ocrx_word' id='word_1_30' title='bbox 1207 1095 1393 1151; x_wconf 74' lang='lat' dir='ltr'><strong>instrumenti</strong></span> <span class='ocrx_word' id='word_1_31' title='bbox 1416 1097 1527 1166; x_wconf 82' lang='lat' dir='ltr'><strong>publici</strong></span> 
     </span>
     <span class='ocr_line' id='line_1_6' title="bbox 125 1178 1193 1252; baseline 0.002 -18"><span class='ocrx_word' id='word_1_32' title='bbox 125 1178 241 1234; x_wconf 79' lang='lat' dir='ltr'><strong>Nicolai</strong></span> <span class='ocrx_word' id='word_1_33' title='bbox 264 1178 395 1251; x_wconf 89' lang='lat' dir='ltr'><strong>episcopi</strong></span> <span class='ocrx_word' id='word_1_34' title='bbox 419 1186 448 1234; x_wconf 88' lang='lat' dir='ltr'><strong>et</strong></span> <span class='ocrx_word' id='word_1_35' title='bbox 471 1180 615 1236; x_wconf 87' lang='lat' dir='ltr'><strong>auditoris</strong></span> <span class='ocrx_word' id='word_1_36' title='bbox 639 1181 675 1236; x_wconf 91' lang='lat' dir='ltr'><strong>de</strong></span> <span class='ocrx_word' id='word_1_37' title='bbox 699 1197 726 1236; x_wconf 87' lang='lat' dir='ltr'><strong>a.</strong></span> <span class='ocrx_word' id='word_1_38' title='bbox 753 1181 846 1237; x_wconf 85' lang='lat'><strong>1398.</strong></span> <span class='ocrx_word' id='word_1_39' title='bbox 869 1179 962 1238; x_wconf 90' lang='lat' dir='ltr'><strong>Vetus</strong></span> <span class='ocrx_word' id='word_1_40' title='bbox 986 1182 1061 1252; x_wconf 90' lang='lat' dir='ltr'><strong>sign.</strong></span> <span class='ocrx_word' id='word_1_41' title='bbox 1085 1179 1118 1251; x_wconf 83' lang='lat' dir='ltr'><strong>F,</strong></span> <span class='ocrx_word' id='word_1_42' title='bbox 1142 1181 1193 1237; x_wconf 88' lang='lat'><strong>20.</strong></span> 
     </span>
    </p>
   </div>
   <div class='ocr_carea' id='block_1_5' title="bbox 230 1361 1060 1446">
    <p class='ocr_par' dir='ltr' id='par_1_5' title="bbox 230 1361 1060 1446">
     <span class='ocr_line' id='line_1_7' title="bbox 230 1361 1060 1446; baseline -0.014 -3"><span class='ocrx_word' id='word_1_43' title='bbox 230 1361 312 1444; x_wconf 78' lang='grc'><strong>682</strong></span> <span class='ocrx_word' id='word_1_44' title='bbox 571 1364 598 1439; x_wconf 91' lang='lat' dir='ltr'><em>I</em></span> <span class='ocrx_word' id='word_1_45' title='bbox 607 1363 643 1439; x_wconf 91' lang='lat' dir='ltr'><strong>V.</strong></span> <span class='ocrx_word' id='word_1_46' title='bbox 675 1363 715 1440; x_wconf 85' lang='lat' dir='ltr'><strong>E.</strong></span> <span class='ocrx_word' id='word_1_47' title='bbox 743 1366 839 1446; x_wconf 73' lang='grc'><em>2.(1.</em></span> <span class='ocrx_word' id='word_1_48' title='bbox 858 1381 880 1434; x_wconf 86' lang='grc' dir='ltr'><strong>Ι.</strong></span> <span class='ocrx_word' id='word_1_49' title='bbox 901 1384 923 1433; x_wconf 87' lang='grc' dir='ltr'><strong>ι.</strong></span> <span class='ocrx_word' id='word_1_50' title='bbox 942 1398 968 1433; x_wconf 78' lang='lat' dir='ltr'><strong>n.</strong></span> <span class='ocrx_word' id='word_1_51' title='bbox 990 1383 1060 1444; x_wconf 82' lang='lat' dir='ltr'><strong>roe.)</strong></span> 
     </span>
    </p>
   </div>
   <div class='ocr_carea' id='block_1_6' title="bbox 122 1484 1527 1760">
    <p class='ocr_par' dir='ltr' id='par_1_6' title="bbox 122 1484 1527 1760">
     <span class='ocr_line' id='line_1_8' title="bbox 122 1484 1191 1570; baseline 0.004 -24"><span class='ocrx_word' id='word_1_52' title='bbox 122 1484 313 1548; x_wconf 83' lang='lat' dir='ltr'><strong>membran.</strong></span> <span class='ocrx_word' id='word_1_53' title='bbox 335 1503 423 1549; x_wconf 85' lang='lat' dir='ltr'><strong>saec.</strong></span> <span class='ocrx_word' id='word_1_54' title='bbox 446 1484 534 1550; x_wconf 89' lang='lat' dir='ltr'><strong>XIV</strong></span> <span class='ocrx_word' id='word_1_55' title='bbox 553 1487 597 1549; x_wconf 78' lang='lat' dir='ltr'><strong>r&#39;n.</strong></span> <span class='ocrx_word' id='word_1_56' title='bbox 618 1487 655 1570; x_wconf 74' lang='lat' dir='ltr'><em>ff</em></span> <span class='ocrx_word' id='word_1_57' title='bbox 685 1487 759 1564; x_wconf 82' lang='lat'><em>141,</em></span> <span class='ocrx_word' id='word_1_58' title='bbox 780 1487 1062 1550; x_wconf 84' lang='lat' dir='ltr'><strong>20·5&gt;&lt;14·5cm.</strong></span> <span class='ocrx_word' id='word_1_59' title='bbox 1086 1489 1118 1550; x_wconf 86' lang='lat' dir='ltr'><strong>d.</strong></span> <span class='ocrx_word' id='word_1_60' title='bbox 1146 1507 1191 1550; x_wconf 90' lang='lat' dir='ltr'><strong>m.</strong></span> 
     </span>
     <span class='ocr_line' id='line_1_9' title="bbox 122 1606 1527 1760; baseline 0.005 -92"><span class='ocrx_word' id='word_1_61' title='bbox 122 1606 217 1669; x_wconf 88' lang='lat' dir='ltr'><strong>Petri</strong></span> <span class='ocrx_word' id='word_1_62' title='bbox 240 1608 282 1670; x_wconf 90' lang='lat' dir='ltr'><strong>de</strong></span> <span class='ocrx_word' id='word_1_63' title='bbox 304 1606 507 1672; x_wconf 74' lang='lat' dir='ltr'><strong>tarentasia</strong></span> <span class='ocrx_word' id='word_1_64' title='bbox 528 1609 667 1689; x_wconf 83' lang='lat' dir='ltr'><strong>(postea</strong></span> <span class='ocrx_word' id='word_1_65' title='bbox 687 1609 956 1760; x_wconf 43' lang='lat' dir='ltr'><strong>&amp;3221ss</strong></span> <span class='ocrx_word' id='word_1_66' title='bbox 973 1610 1256 1674; x_wconf 79' lang='lat' dir='ltr'><strong>Commentarius</strong></span> <span class='ocrx_word' id='word_1_67' title='bbox 1280 1611 1317 1672; x_wconf 91' lang='lat' dir='ltr'><strong>in</strong></span> <span class='ocrx_word' id='word_1_68' title='bbox 1331 1611 1387 1674; x_wconf 88' lang='lat' dir='ltr'><strong>iv.</strong></span> <span class='ocrx_word' id='word_1_69' title='bbox 1400 1611 1527 1675; x_wconf 89' lang='lat' dir='ltr'><strong>librum</strong></span> 
     </span>
    </p>
   </div>
   <div class='ocr_carea' id='block_1_7' title="bbox 123 1797 1527 2052">
    <p class='ocr_par' dir='ltr' id='par_1_7' title="bbox 123 1797 1527 2052">
     <span class='ocr_line' id='line_1_10' title="bbox 235 1797 1527 1880; baseline 0.004 -22"><span class='ocrx_word' id='word_1_70' title='bbox 235 1797 255 1858; x_wconf 86' lang='lat' dir='ltr'><strong>l.</strong></span> <span class='ocrx_word' id='word_1_71' title='bbox 284 1799 317 1860; x_wconf 77' lang='lat'><strong>1⁸</strong></span> <span class='ocrx_word' id='word_1_72' title='bbox 351 1801 457 1874; x_wconf 86' lang='lat' dir='ltr'><strong>(rubr.)</strong></span> <span class='ocrx_word' id='word_1_73' title='bbox 503 1802 634 1880; x_wconf 84' lang='lat' dir='ltr'><strong>»incipit</strong></span> <span class='ocrx_word' id='word_1_74' title='bbox 674 1799 788 1863; x_wconf 91' lang='lat' dir='ltr'><strong>Petrus</strong></span> <span class='ocrx_word' id='word_1_75' title='bbox 831 1818 930 1879; x_wconf 91' lang='lat' dir='ltr'><strong>super</strong></span> <span class='ocrx_word' id='word_1_76' title='bbox 971 1807 1121 1880; x_wconf 89' lang='lat' dir='ltr'><strong>quartum</strong></span> <span class='ocrx_word' id='word_1_77' title='bbox 1157 1806 1408 1864; x_wconf 83' lang='lat' dir='ltr'><strong>sentenciamm.</strong></span> <span class='ocrx_word' id='word_1_78' title='bbox 1444 1805 1527 1878; x_wconf 83' lang='lat' dir='ltr'><strong>(atr.)</strong></span> 
     </span>
     <span class='ocr_line' id='line_1_11' title="bbox 123 1882 1526 1969; baseline 0.006 -25"><span class='ocrx_word' id='word_1_79' title='bbox 123 1882 289 1946; x_wconf 83' lang='lat' dir='ltr'><strong>Haurietis</strong></span> <span class='ocrx_word' id='word_1_80' title='bbox 313 1903 418 1964; x_wconf 84' lang='lat' dir='ltr'><strong>aquas</strong></span> <span class='ocrx_word' id='word_1_81' title='bbox 442 1888 483 1947; x_wconf 88' lang='lat' dir='ltr'><strong>de</strong></span> <span class='ocrx_word' id='word_1_82' title='bbox 507 1887 652 1949; x_wconf 83' lang='lat' dir='ltr'><strong>lontibus</strong></span> <span class='ocrx_word' id='word_1_83' title='bbox 677 1889 866 1950; x_wconf 79' lang='lat' dir='ltr'><strong>salvatoris«</strong></span> <span class='ocrx_word' id='word_1_84' title='bbox 895 1892 926 1944; x_wconf 89' lang='grc'><strong>&gt;&lt;</strong></span> <span class='ocrx_word' id='word_1_85' title='bbox 950 1887 970 1949; x_wconf 87' lang='lat' dir='ltr'><strong>i.</strong></span> <span class='ocrx_word' id='word_1_86' title='bbox 999 1882 1076 1949; x_wconf 73' lang='lat' dir='ltr'><strong>litb</strong></span> <span class='ocrx_word' id='word_1_87' title='bbox 1103 1888 1162 1950; x_wconf 81' lang='lat' dir='ltr'><strong>»Et</strong></span> <span class='ocrx_word' id='word_1_88' title='bbox 1184 1889 1245 1950; x_wconf 90' lang='lat' dir='ltr'><strong>hec</strong></span> <span class='ocrx_word' id='word_1_89' title='bbox 1269 1893 1374 1950; x_wconf 91' lang='lat' dir='ltr'><strong>minor</strong></span> <span class='ocrx_word' id='word_1_90' title='bbox 1396 1897 1447 1952; x_wconf 86' lang='lat' dir='ltr'><strong>est</strong></span> <span class='ocrx_word' id='word_1_91' title='bbox 1471 1909 1526 1969; x_wconf 91' lang='lat' dir='ltr'><strong>ge·</strong></span> 
     </span>
     <span class='ocr_line' id='line_1_12' title="bbox 123 1970 954 2052; baseline 0.004 -21"><span class='ocrx_word' id='word_1_92' title='bbox 123 1973 245 2032; x_wconf 84' lang='lat' dir='ltr'><strong>henna.</strong></span> <span class='ocrx_word' id='word_1_93' title='bbox 269 1970 408 2051; x_wconf 84' lang='lat' dir='ltr'><strong>Explicit</strong></span> <span class='ocrx_word' id='word_1_94' title='bbox 430 1978 566 2052; x_wconf 86' lang='lat' dir='ltr'><strong>quartus</strong></span> <span class='ocrx_word' id='word_1_95' title='bbox 590 1974 668 2036; x_wconf 93' lang='lat' dir='ltr'><strong>liber</strong></span> <span class='ocrx_word' id='word_1_96' title='bbox 690 1975 772 2036; x_wconf 86' lang='lat' dir='ltr'><strong>Petri</strong></span> <span class='ocrx_word' id='word_1_97' title='bbox 796 1976 836 2036; x_wconf 90' lang='lat' dir='ltr'><strong>de</strong></span> <span class='ocrx_word' id='word_1_98' title='bbox 859 1973 954 2036; x_wconf 78' lang='lat' dir='ltr'><strong>Ter«</strong></span> 
     </span>
    </p>
   </div>
   <div class='ocr_carea' id='block_1_8' title="bbox 236 2078 563 2152">
    <p class='ocr_par' dir='ltr' id='par_1_8' title="bbox 236 2078 563 2152">
     <span class='ocr_line' id='line_1_13' title="bbox 236 2078 563 2152; baseline 0.015 -20"><span class='ocrx_word' id='word_1_99' title='bbox 236 2078 328 2136; x_wconf 86' lang='lat' dir='ltr'><strong>Vetus</strong></span> <span class='ocrx_word' id='word_1_100' title='bbox 352 2082 428 2152; x_wconf 91' lang='lat' dir='ltr'><strong>sign.</strong></span> <span class='ocrx_word' id='word_1_101' title='bbox 452 2081 488 2149; x_wconf 89' lang='grc' dir='ltr'><strong>Α,</strong></span> <span class='ocrx_word' id='word_1_102' title='bbox 516 2083 563 2138; x_wconf 88' lang='grc'><strong>17.</strong></span> 
     </span>
    </p>
   </div>
   <div class='ocr_carea' id='block_1_9' title="bbox 121 2263 1538 2674">
    <p class='ocr_par' dir='ltr' id='par_1_9' title="bbox 121 2263 1538 2674">
     <span class='ocr_line' id='line_1_14' title="bbox 230 2263 1064 2350; baseline 0.006 -6"><span class='ocrx_word' id='word_1_103' title='bbox 230 2263 312 2346; x_wconf 80' lang='grc'><strong>683</strong></span> <span class='ocrx_word' id='word_1_104' title='bbox 575 2268 644 2343; x_wconf 83' lang='lat' dir='ltr'><strong>IV.</strong></span> <span class='ocrx_word' id='word_1_105' title='bbox 671 2267 715 2343; x_wconf 81' lang='grc' dir='ltr'><strong>Ε.</strong></span> <span class='ocrx_word' id='word_1_106' title='bbox 742 2268 777 2343; x_wconf 76' lang='lat'><strong>3.</strong></span> <span class='ocrx_word' id='word_1_107' title='bbox 805 2283 887 2350; x_wconf 66' lang='lat' dir='ltr'><strong>(rr.</strong></span> <span class='ocrx_word' id='word_1_108' title='bbox 906 2285 929 2336; x_wconf 84' lang='grc' dir='ltr'><strong>ιΙ</strong></span> <span class='ocrx_word' id='word_1_109' title='bbox 948 2297 973 2333; x_wconf 73' lang='grc' dir='ltr'><strong>ι.</strong></span> <span class='ocrx_word' id='word_1_110' title='bbox 994 2284 1064 2349; x_wconf 77' lang='grc' dir='ltr'><em>ιιι.)</em></span> 
     </span>
     <span class='ocr_line' id='line_1_15' title="bbox 123 2386 1161 2473; baseline 0.004 -25"><span class='ocrx_word' id='word_1_111' title='bbox 123 2386 315 2450; x_wconf 84' lang='lat' dir='ltr'><strong>membran.</strong></span> <span class='ocrx_word' id='word_1_112' title='bbox 338 2405 423 2452; x_wconf 85' lang='lat' dir='ltr'><strong>saec.</strong></span> <span class='ocrx_word' id='word_1_113' title='bbox 448 2386 535 2451; x_wconf 88' lang='lat' dir='ltr'><strong>XIV</strong></span> <span class='ocrx_word' id='word_1_114' title='bbox 555 2391 598 2452; x_wconf 85' lang='lat' dir='ltr'><strong>in.</strong></span> <span class='ocrx_word' id='word_1_115' title='bbox 619 2390 657 2473; x_wconf 76' lang='lat' dir='ltr'><em>ff</em></span> <span class='ocrx_word' id='word_1_116' title='bbox 680 2389 755 2465; x_wconf 88' lang='lat'><em>250,</em></span> <span class='ocrx_word' id='word_1_117' title='bbox 776 2389 954 2453; x_wconf 85' lang='lat'><em>20·5&gt;&lt;15</em></span> <span class='ocrx_word' id='word_1_118' title='bbox 974 2408 1036 2452; x_wconf 76' lang='lat' dir='ltr'><strong>ern.</strong></span> <span class='ocrx_word' id='word_1_119' title='bbox 1060 2389 1091 2452; x_wconf 88' lang='lat' dir='ltr'><strong>d.</strong></span> <span class='ocrx_word' id='word_1_120' title='bbox 1117 2407 1161 2452; x_wconf 90' lang='lat' dir='ltr'><strong>m.</strong></span> 
     </span>
     <span class='ocr_line' id='line_1_16' title="bbox 121 2507 1538 2674; baseline 0.003 -104"><span class='ocrx_word' id='word_1_121' title='bbox 121 2507 247 2571; x_wconf 84' lang='lat' dir='ltr'><strong>Jacobi</strong></span> <span class='ocrx_word' id='word_1_122' title='bbox 271 2508 509 2590; x_wconf 82' lang='lat' dir='ltr'><strong>devoragine</strong></span> <span class='ocrx_word' id='word_1_123' title='bbox 536 2510 698 2591; x_wconf 84' lang='lat' dir='ltr'><strong>Legenda</strong></span> <span class='ocrx_word' id='word_1_124' title='bbox 727 2528 919 2674; x_wconf 43' lang='lat' dir='ltr'><strong>Zrirersshsse?</strong></span> <span class='ocrx_word' id='word_1_125' title='bbox 952 2513 1156 2576; x_wconf 83' lang='lat' dir='ltr'><strong>Pessionalc</strong></span> <span class='ocrx_word' id='word_1_126' title='bbox 1186 2517 1399 2576; x_wconf 86' lang='lat' dir='ltr'><strong>sanctorum.</strong></span> <span class='ocrx_word' id='word_1_127' title='bbox 1434 2512 1538 2638; x_wconf 50' lang='lat' dir='ltr'><strong>(Pers³</strong></span> 
     </span>
    </p>
   </div>
   <div class='ocr_carea' id='block_1_10' title="bbox 120 2699 1527 2864">
    <p class='ocr_par' dir='ltr' id='par_1_10' title="bbox 120 2699 1527 2864">
     <span class='ocr_line' id='line_1_17' title="bbox 233 2699 1527 2782; baseline 0.005 -23"><span class='ocrx_word' id='word_1_128' title='bbox 233 2700 253 2760; x_wconf 87' lang='lat' dir='ltr'><strong>i.</strong></span> <span class='ocrx_word' id='word_1_129' title='bbox 282 2700 363 2760; x_wconf 86' lang='lat'><strong>1-5</strong></span> <span class='ocrx_word' id='word_1_130' title='bbox 387 2699 479 2763; x_wconf 82' lang='lat' dir='ltr'><strong>Vitae</strong></span> <span class='ocrx_word' id='word_1_131' title='bbox 503 2720 549 2766; x_wconf 89' lang='lat' dir='ltr'><strong>ss.</strong></span> <span class='ocrx_word' id='word_1_132' title='bbox 574 2701 760 2766; x_wconf 89' lang='lat' dir='ltr'><strong>Dorotheae</strong></span> <span class='ocrx_word' id='word_1_133' title='bbox 795 2708 905 2778; x_wconf 88' lang='lat' dir='ltr'><strong>(cuius</strong></span> <span class='ocrx_word' id='word_1_134' title='bbox 928 2708 1053 2766; x_wconf 89' lang='lat' dir='ltr'><strong>initium</strong></span> <span class='ocrx_word' id='word_1_135' title='bbox 1077 2707 1110 2766; x_wconf 90' lang='lat' dir='ltr'><strong>in</strong></span> <span class='ocrx_word' id='word_1_136' title='bbox 1133 2705 1269 2765; x_wconf 87' lang='lat' dir='ltr'><strong>membr.</strong></span> <span class='ocrx_word' id='word_1_137' title='bbox 1293 2705 1447 2782; x_wconf 91' lang='lat' dir='ltr'><strong>operculo</strong></span> <span class='ocrx_word' id='word_1_138' title='bbox 1470 2705 1527 2765; x_wconf 89' lang='lat' dir='ltr'><strong>ad·</strong></span> 
     </span>
     <span class='ocr_line' id='line_1_18' title="bbox 120 2788 956 2864; baseline 0.007 -18"><span class='ocrx_word' id='word_1_139' title='bbox 120 2789 315 2864; x_wconf 81' lang='lat' dir='ltr'><strong>glutinatum</strong></span> <span class='ocrx_word' id='word_1_140' title='bbox 339 2793 414 2863; x_wconf 90' lang='lat' dir='ltr'><strong>est),</strong></span> <span class='ocrx_word' id='word_1_141' title='bbox 437 2790 571 2853; x_wconf 84' lang='lat' dir='ltr'><strong>Achaeti</strong></span> <span class='ocrx_word' id='word_1_142' title='bbox 594 2796 626 2852; x_wconf 91' lang='lat' dir='ltr'><strong>et</strong></span> <span class='ocrx_word' id='word_1_143' title='bbox 649 2795 824 2863; x_wconf 89' lang='lat' dir='ltr'><strong>sociorum,</strong></span> <span class='ocrx_word' id='word_1_144' title='bbox 847 2788 956 2852; x_wconf 90' lang='lat' dir='ltr'><strong>Uirici.</strong></span> 
     </span>
    </p>
   </div>
   <div class='ocr_carea' id='block_1_11' title="bbox 233 2891 1062 2975">
    <p class='ocr_par' dir='ltr' id='par_1_11' title="bbox 233 2891 1062 2975">
     <span class='ocr_line' id='line_1_19' title="bbox 233 2891 1062 2975; baseline 0.006 -23"><span class='ocrx_word' id='word_1_145' title='bbox 233 2891 254 2952; x_wconf 91' lang='lat' dir='ltr'><strong>i.</strong></span> <span class='ocrx_word' id='word_1_146' title='bbox 279 2891 363 2954; x_wconf 82' lang='lat'><strong>6-7</strong></span> <span class='ocrx_word' id='word_1_147' title='bbox 388 2893 572 2974; x_wconf 86' lang='lat' dir='ltr'><strong>Registrum</strong></span> <span class='ocrx_word' id='word_1_148' title='bbox 596 2895 796 2956; x_wconf 84' lang='lat' dir='ltr'><strong>Passionalis</strong></span> <span class='ocrx_word' id='word_1_149' title='bbox 819 2895 1062 2975; x_wconf 89' lang='lat' dir='ltr'><strong>subsequentis.</strong></span> 
     </span>
    </p>
   </div>
   <div class='ocr_carea' id='block_1_12' title="bbox 119 2995 1528 3247">
    <p class='ocr_par' dir='ltr' id='par_1_12' title="bbox 119 2995 1528 3247">
     <span class='ocr_line' id='line_1_20' title="bbox 233 2995 1528 3079; baseline 0.001 -21"><span class='ocrx_word' id='word_1_150' title='bbox 233 2995 254 3058; x_wconf 87' lang='lat' dir='ltr'><strong>f.</strong></span> <span class='ocrx_word' id='word_1_151' title='bbox 279 2997 315 3058; x_wconf 60' lang='grc' dir='ltr'><strong>8Β</strong></span> <span class='ocrx_word' id='word_1_152' title='bbox 338 3001 446 3074; x_wconf 84' lang='lat' dir='ltr'><strong>(rubr.)</strong></span> <span class='ocrx_word' id='word_1_153' title='bbox 484 2997 551 3061; x_wconf 85' lang='lat' dir='ltr'><strong>»De</strong></span> <span class='ocrx_word' id='word_1_154' title='bbox 586 3000 730 3061; x_wconf 85' lang='lat' dir='ltr'><strong>adventu</strong></span> <span class='ocrx_word' id='word_1_155' title='bbox 764 2999 887 3060; x_wconf 92' lang='lat' dir='ltr'><strong>domini</strong></span> <span class='ocrx_word' id='word_1_156' title='bbox 917 2999 1047 3079; x_wconf 80' lang='lat' dir='ltr'><strong>(atram.)</strong></span> <span class='ocrx_word' id='word_1_157' title='bbox 1078 2997 1275 3061; x_wconf 89' lang='lat' dir='ltr'><strong>Universum</strong></span> <span class='ocrx_word' id='word_1_158' title='bbox 1308 3003 1435 3078; x_wconf 91' lang='lat' dir='ltr'><strong>tempus</strong></span> <span class='ocrx_word' id='word_1_159' title='bbox 1459 3015 1528 3076; x_wconf 90' lang='lat' dir='ltr'><strong>pre-</strong></span> 
     </span>
     <span class='ocr_line' id='line_1_21' title="bbox 121 3083 1523 3164; baseline 0.002 -22"><span class='ocrx_word' id='word_1_160' title='bbox 121 3087 228 3144; x_wconf 88' lang='lat' dir='ltr'><strong>sentis</strong></span> <span class='ocrx_word' id='word_1_161' title='bbox 252 3089 333 3145; x_wconf 86' lang='lat' dir='ltr'><strong>vite«</strong></span> <span class='ocrx_word' id='word_1_162' title='bbox 363 3091 392 3140; x_wconf 87' lang='lat'><strong>&gt;&lt;</strong></span> <span class='ocrx_word' id='word_1_163' title='bbox 416 3086 437 3146; x_wconf 86' lang='lat' dir='ltr'><strong>i.</strong></span> <span class='ocrx_word' id='word_1_164' title='bbox 463 3083 543 3147; x_wconf 86' lang='lat' dir='ltr'><strong>250b</strong></span> <span class='ocrx_word' id='word_1_165' title='bbox 567 3084 697 3160; x_wconf 87' lang='lat' dir='ltr'><strong>(Sermo</strong></span> <span class='ocrx_word' id='word_1_166' title='bbox 728 3086 769 3147; x_wconf 94' lang='lat' dir='ltr'><strong>de</strong></span> <span class='ocrx_word' id='word_1_167' title='bbox 794 3086 1012 3159; x_wconf 86' lang='lat' dir='ltr'><strong>dedicatione)</strong></span> <span class='ocrx_word' id='word_1_168' title='bbox 1037 3091 1089 3146; x_wconf 87' lang='lat' dir='ltr'><strong>»et</strong></span> <span class='ocrx_word' id='word_1_169' title='bbox 1110 3085 1185 3145; x_wconf 93' lang='lat' dir='ltr'><strong>ideo</strong></span> <span class='ocrx_word' id='word_1_170' title='bbox 1209 3086 1301 3146; x_wconf 90' lang='lat' dir='ltr'><strong>locus</strong></span> <span class='ocrx_word' id='word_1_171' title='bbox 1324 3089 1394 3164; x_wconf 90' lang='lat' dir='ltr'><strong>lpse</strong></span> <span class='ocrx_word' id='word_1_172' title='bbox 1418 3102 1523 3164; x_wconf 79' lang='lat' dir='ltr'><strong>aqua«</strong></span> 
     </span>
     <span class='ocr_line' id='line_1_22' title="bbox 119 3171 412 3247; baseline 0.01 -18"><span class='ocrx_word' id='word_1_173' title='bbox 119 3172 247 3243; x_wconf 84' lang='lat' dir='ltr'><strong>(cetera</strong></span> <span class='ocrx_word' id='word_1_174' title='bbox 269 3171 412 3247; x_wconf 86' lang='lat' dir='ltr'><strong>desunt).</strong></span> 
     </span>
    </p>
   </div>
   <div class='ocr_carea' id='block_1_13' title="bbox 118 3295 1524 3452">
    <p class='ocr_par' dir='ltr' id='par_1_13' title="bbox 118 3295 1524 3452">
     <span class='ocr_line' id='line_1_23' title="bbox 234 3295 1524 3370; baseline 0.002 -19"><span class='ocrx_word' id='word_1_175' title='bbox 234 3296 399 3366; x_wconf 89' lang='lat' dir='ltr'><strong>Registrum</strong></span> <span class='ocrx_word' id='word_1_176' title='bbox 423 3313 482 3354; x_wconf 92' lang='lat' dir='ltr'><strong>non</strong></span> <span class='ocrx_word' id='word_1_177' title='bbox 507 3297 627 3355; x_wconf 91' lang='lat' dir='ltr'><strong>omnino</strong></span> <span class='ocrx_word' id='word_1_178' title='bbox 650 3301 812 3354; x_wconf 84' lang='lat' dir='ltr'><strong>concordat</strong></span> <span class='ocrx_word' id='word_1_179' title='bbox 835 3314 901 3355; x_wconf 89' lang='lat' dir='ltr'><strong>cum</strong></span> <span class='ocrx_word' id='word_1_180' title='bbox 924 3298 992 3354; x_wconf 89' lang='lat' dir='ltr'><strong>vitis</strong></span> <span class='ocrx_word' id='word_1_181' title='bbox 1015 3301 1097 3370; x_wconf 88' lang='lat' dir='ltr'><strong>ipsis.</strong></span> <span class='ocrx_word' id='word_1_182' title='bbox 1122 3297 1216 3353; x_wconf 90' lang='lat' dir='ltr'><strong>Vetus</strong></span> <span class='ocrx_word' id='word_1_183' title='bbox 1239 3295 1315 3367; x_wconf 85' lang='lat' dir='ltr'><strong>sign.</strong></span> <span class='ocrx_word' id='word_1_184' title='bbox 1333 3297 1403 3356; x_wconf 93' lang='lat' dir='ltr'><strong>bibl.</strong></span> <span class='ocrx_word' id='word_1_185' title='bbox 1427 3295 1524 3354; x_wconf 83' lang='lat' dir='ltr'><strong>Carol.</strong></span> 
     </span>
     <span class='ocr_line' id='line_1_24' title="bbox 118 3383 300 3452; baseline 0.011 -14"><span class='ocrx_word' id='word_1_186' title='bbox 118 3383 162 3452; x_wconf 90' lang='lat' dir='ltr'><strong>M,</strong></span> <span class='ocrx_word' id='word_1_187' title='bbox 189 3383 241 3452; x_wconf 87' lang='lat'><strong>55,</strong></span> <span class='ocrx_word' id='word_1_188' title='bbox 265 3383 300 3440; x_wconf 89' lang='lat' dir='ltr'><strong>K.</strong></span> 
     </span>
    </p>
   </div>
   <div class='ocr_carea' id='block_1_14' title="bbox 120 3567 1075 3770">
    <p class='ocr_par' dir='ltr' id='par_1_14' title="bbox 120 3567 1075 3770">
     <span class='ocr_line' id='line_1_25' title="bbox 229 3567 1075 3654; baseline -0.019 -3"><span class='ocrx_word' id='word_1_189' title='bbox 229 3567 315 3650; x_wconf 80' lang='lat'><strong>684</strong></span> <span class='ocrx_word' id='word_1_190' title='bbox 575 3570 643 3646; x_wconf 88' lang='lat' dir='ltr'><strong>IV.</strong></span> <span class='ocrx_word' id='word_1_191' title='bbox 671 3570 715 3646; x_wconf 82' lang='lat' dir='ltr'><strong>E.</strong></span> <span class='ocrx_word' id='word_1_192' title='bbox 750 3571 785 3646; x_wconf 83' lang='grc'><strong>4.</strong></span> <span class='ocrx_word' id='word_1_193' title='bbox 815 3586 890 3654; x_wconf 74' lang='lat' dir='ltr'><strong>(ui.</strong></span> <span class='ocrx_word' id='word_1_194' title='bbox 917 3588 942 3638; x_wconf 85' lang='grc' dir='ltr'><strong>ι.</strong></span> <span class='ocrx_word' id='word_1_195' title='bbox 959 3603 986 3638; x_wconf 79' lang='lat' dir='ltr'><strong>n.</strong></span> <span class='ocrx_word' id='word_1_196' title='bbox 1006 3587 1075 3646; x_wconf 76' lang='lat' dir='ltr'><strong>ns.)</strong></span> 
     </span>
     <span class='ocr_line' id='line_1_26' title="bbox 120 3689 1071 3770; baseline 0 -17"><span class='ocrx_word' id='word_1_197' title='bbox 120 3691 235 3754; x_wconf 81' lang='lat' dir='ltr'><strong>chart.</strong></span> <span class='ocrx_word' id='word_1_198' title='bbox 258 3709 345 3754; x_wconf 85' lang='lat' dir='ltr'><strong>saec.</strong></span> <span class='ocrx_word' id='word_1_199' title='bbox 369 3689 567 3755; x_wconf 93' lang='lat' dir='ltr'><em>XIV-XV</em></span> <span class='ocrx_word' id='word_1_200' title='bbox 576 3689 626 3770; x_wconf 89' lang='lat' dir='ltr'><strong>ff.</strong></span> <span class='ocrx_word' id='word_1_201' title='bbox 641 3692 718 3768; x_wconf 83' lang='lat'>277,</span> <span class='ocrx_word' id='word_1_202' title='bbox 732 3693 772 3755; x_wconf 87' lang='grc'><strong>21</strong></span> <span class='ocrx_word' id='word_1_203' title='bbox 787 3693 820 3751; x_wconf 93' lang='grc'><strong>&gt;&lt;</strong></span> <span class='ocrx_word' id='word_1_204' title='bbox 833 3695 878 3756; x_wconf 84' lang='grc'><strong>15</strong></span> <span class='ocrx_word' id='word_1_205' title='bbox 890 3711 953 3755; x_wconf 89' lang='lat' dir='ltr'><strong>cm.</strong></span> <span class='ocrx_word' id='word_1_206' title='bbox 971 3693 1002 3755; x_wconf 85' lang='lat' dir='ltr'><strong>d.</strong></span> <span class='ocrx_word' id='word_1_207' title='bbox 1026 3711 1071 3753; x_wconf 92' lang='lat' dir='ltr'><strong>m.</strong></span> 
     </span>
    </p>
   </div>
   <div class='ocr_carea' id='block_1_15' title="bbox 117 3813 1524 3964">
    <p class='ocr_par' dir='ltr' id='par_1_15' title="bbox 117 3813 1524 3964">
     <span class='ocr_line' id='line_1_27' title="bbox 117 3813 1524 3895; baseline -0.003 -19"><span class='ocrx_word' id='word_1_208' title='bbox 117 3813 313 3876; x_wconf 89' lang='lat' dir='ltr'><strong>Sermones</strong></span> <span class='ocrx_word' id='word_1_209' title='bbox 334 3815 424 3877; x_wconf 85' lang='lat' dir='ltr'><strong>varii</strong></span> <span class='ocrx_word' id='word_1_210' title='bbox 447 3821 600 3895; x_wconf 89' lang='lat' dir='ltr'><strong>(quorum</strong></span> <span class='ocrx_word' id='word_1_211' title='bbox 635 3817 767 3877; x_wconf 89' lang='lat' dir='ltr'><strong>ultimus</strong></span> <span class='ocrx_word' id='word_1_212' title='bbox 798 3816 839 3876; x_wconf 94' lang='lat' dir='ltr'><strong>de</strong></span> <span class='ocrx_word' id='word_1_213' title='bbox 863 3833 890 3876; x_wconf 91' lang='lat' dir='ltr'><strong>s.</strong></span> <span class='ocrx_word' id='word_1_214' title='bbox 915 3815 1087 3892; x_wconf 91' lang='lat' dir='ltr'><strong>Procopio)</strong></span> <span class='ocrx_word' id='word_1_215' title='bbox 1116 3828 1192 3873; x_wconf 93' lang='lat' dir='ltr'><strong>cum</strong></span> <span class='ocrx_word' id='word_1_216' title='bbox 1216 3813 1380 3873; x_wconf 92' lang='lat' dir='ltr'><strong>nonnullis</strong></span> <span class='ocrx_word' id='word_1_217' title='bbox 1402 3814 1524 3890; x_wconf 87' lang='lat' dir='ltr'><strong>glossis</strong></span> 
     </span>
     <span class='ocr_line' id='line_1_28' title="bbox 729 3902 920 3964; baseline -0.005 -1"><span class='ocrx_word' id='word_1_218' title='bbox 729 3902 920 3964; x_wconf 80' lang='lat' dir='ltr'><strong>bohemicis,</strong></span> 
     </span>
    </p>
   </div>
   <div class='ocr_carea' id='block_1_16' title="bbox 232 4007 559 4081">
    <p class='ocr_par' dir='ltr' id='par_1_16' title="bbox 232 4007 559 4081">
     <span class='ocr_line' id='line_1_29' title="bbox 232 4007 559 4081; baseline 0.015 -19"><span class='ocrx_word' id='word_1_219' title='bbox 232 4007 326 4066; x_wconf 87' lang='lat' dir='ltr'><strong>Vetus</strong></span> <span class='ocrx_word' id='word_1_220' title='bbox 350 4010 425 4081; x_wconf 87' lang='lat' dir='ltr'><strong>sign.</strong></span> <span class='ocrx_word' id='word_1_221' title='bbox 449 4009 483 4078; x_wconf 90' lang='lat' dir='ltr'><strong>B,</strong></span> <span class='ocrx_word' id='word_1_222' title='bbox 509 4011 559 4067; x_wconf 90' lang='grc'><strong>30.</strong></span> 
     </span>
    </p>
   </div>
   <div class='ocr_carea' id='block_1_17' title="bbox 114 4193 1201 4400">
    <p class='ocr_par' dir='ltr' id='par_1_17' title="bbox 114 4193 1201 4400">
     <span class='ocr_line' id='line_1_30' title="bbox 227 4193 1076 4278; baseline -0.019 -2"><span class='ocrx_word' id='word_1_223' title='bbox 227 4193 310 4276; x_wconf 78' lang='grc'><strong>685</strong></span> <span class='ocrx_word' id='word_1_224' title='bbox 572 4193 643 4271; x_wconf 89' lang='lat' dir='ltr'><strong>IV.</strong></span> <span class='ocrx_word' id='word_1_225' title='bbox 671 4195 715 4270; x_wconf 92' lang='lat' dir='ltr'><strong>E.</strong></span> <span class='ocrx_word' id='word_1_226' title='bbox 740 4196 777 4271; x_wconf 82' lang='lat'><strong>5.</strong></span> <span class='ocrx_word' id='word_1_227' title='bbox 805 4211 850 4278; x_wconf 79' lang='lat' dir='ltr'><strong>(Y.</strong></span> <span class='ocrx_word' id='word_1_228' title='bbox 876 4211 940 4264; x_wconf 79' lang='lat' dir='ltr'><strong>ir.</strong></span> <span class='ocrx_word' id='word_1_229' title='bbox 958 4227 985 4263; x_wconf 77' lang='lat' dir='ltr'><strong>n.</strong></span> <span class='ocrx_word' id='word_1_230' title='bbox 1006 4211 1076 4274; x_wconf 80' lang='lat' dir='ltr'><strong>no.)</strong></span> 
     </span>
     <span class='ocr_line' id='line_1_31' title="bbox 114 4314 1201 4400; baseline -0.004 -19"><span class='ocrx_word' id='word_1_231' title='bbox 114 4317 313 4381; x_wconf 84' lang='lat' dir='ltr'><strong>membran.</strong></span> <span class='ocrx_word' id='word_1_232' title='bbox 335 4335 423 4380; x_wconf 83' lang='lat' dir='ltr'><strong>saec.</strong></span> <span class='ocrx_word' id='word_1_233' title='bbox 447 4314 534 4379; x_wconf 90' lang='lat' dir='ltr'><strong>XIV</strong></span> <span class='ocrx_word' id='word_1_234' title='bbox 548 4317 589 4400; x_wconf 85' lang='lat' dir='ltr'><strong>ff.</strong></span> <span class='ocrx_word' id='word_1_235' title='bbox 613 4317 679 4381; x_wconf 80' lang='lat'><strong>173</strong></span> <span class='ocrx_word' id='word_1_236' title='bbox 699 4335 806 4394; x_wconf 84' lang='lat' dir='ltr'><strong>num,</strong></span> <span class='ocrx_word' id='word_1_237' title='bbox 828 4318 1004 4382; x_wconf 87' lang='grc'><em>21·5&gt;&lt;16</em></span> <span class='ocrx_word' id='word_1_238' title='bbox 1025 4335 1087 4379; x_wconf 90' lang='lat' dir='ltr'><strong>cm.</strong></span> <span class='ocrx_word' id='word_1_239' title='bbox 1111 4316 1133 4378; x_wconf 90' lang='lat'>2</span> <span class='ocrx_word' id='word_1_240' title='bbox 1155 4333 1201 4377; x_wconf 90' lang='lat' dir='ltr'><strong>m.</strong></span> 
     </span>
    </p>
   </div>
   <div class='ocr_carea' id='block_1_18' title="bbox 406 4454 1251 4520">
    <p class='ocr_par' dir='ltr' id='par_1_18' title="bbox 406 4454 1251 4520">
     <span class='ocr_line' id='line_1_32' title="bbox 406 4454 1251 4520; baseline -0.001 -3"><span class='ocrx_word' id='word_1_241' title='bbox 406 4455 548 4519; x_wconf 86' lang='lat' dir='ltr'><strong>chrici</strong></span> <span class='ocrx_word' id='word_1_242' title='bbox 571 4457 614 4518; x_wconf 90' lang='lat' dir='ltr'><strong>de</strong></span> <span class='ocrx_word' id='word_1_243' title='bbox 636 4455 807 4520; x_wconf 83' lang='lat' dir='ltr'><strong>Frimeria</strong></span> <span class='ocrx_word' id='word_1_244' title='bbox 828 4456 1019 4520; x_wconf 88' lang='lat' dir='ltr'><strong>Sermones</strong></span> <span class='ocrx_word' id='word_1_245' title='bbox 1042 4457 1084 4518; x_wconf 92' lang='lat' dir='ltr'><strong>de</strong></span> <span class='ocrx_word' id='word_1_246' title='bbox 1108 4454 1251 4518; x_wconf 88' lang='lat' dir='ltr'><strong>sanctis.</strong></span> 
     </span>
    </p>
   </div>
   <div class='ocr_carea' id='block_1_19' title="bbox 114 4573 1526 4746">
    <p class='ocr_par' dir='ltr' id='par_1_19' title="bbox 114 4573 1526 4746">
     <span class='ocr_line' id='line_1_33' title="bbox 231 4573 1526 4659; baseline -0.002 -22"><span class='ocrx_word' id='word_1_247' title='bbox 231 4575 252 4638; x_wconf 90' lang='lat' dir='ltr'><strong>l.</strong></span> <span class='ocrx_word' id='word_1_248' title='bbox 281 4575 311 4638; x_wconf 70' lang='lat' dir='ltr'><strong>lb</strong></span> <span class='ocrx_word' id='word_1_249' title='bbox 337 4579 545 4640; x_wconf 83' lang='lat' dir='ltr'><strong>»Ascendam</strong></span> <span class='ocrx_word' id='word_1_250' title='bbox 570 4583 601 4642; x_wconf 91' lang='lat' dir='ltr'><strong>in</strong></span> <span class='ocrx_word' id='word_1_251' title='bbox 626 4580 768 4659; x_wconf 84' lang='lat' dir='ltr'><strong>palmam</strong></span> <span class='ocrx_word' id='word_1_252' title='bbox 792 4584 825 4640; x_wconf 93' lang='lat' dir='ltr'><strong>et</strong></span> <span class='ocrx_word' id='word_1_253' title='bbox 846 4578 1091 4658; x_wconf 83' lang='lat' dir='ltr'><strong>apprehendam</strong></span> <span class='ocrx_word' id='word_1_254' title='bbox 1115 4577 1239 4638; x_wconf 79' lang='lat' dir='ltr'><strong>tructus</strong></span> <span class='ocrx_word' id='word_1_255' title='bbox 1256 4579 1345 4636; x_wconf 80' lang='lat' dir='ltr'><strong>eius«</strong></span> <span class='ocrx_word' id='word_1_256' title='bbox 1362 4573 1526 4636; x_wconf 81' lang='lat' dir='ltr'><strong>&gt;&lt;i.165·</strong></span> 
     </span>
     <span class='ocr_line' id='line_1_34' title="bbox 114 4663 1406 4746; baseline -0.003 -20"><span class='ocrx_word' id='word_1_257' title='bbox 114 4669 238 4726; x_wconf 80' lang='lat' dir='ltr'><strong>»cuius</strong></span> <span class='ocrx_word' id='word_1_258' title='bbox 261 4664 370 4742; x_wconf 78' lang='lat' dir='ltr'><strong>gaudii</strong></span> <span class='ocrx_word' id='word_1_259' title='bbox 394 4682 457 4728; x_wconf 90' lang='lat' dir='ltr'><strong>nos</strong></span> <span class='ocrx_word' id='word_1_260' title='bbox 481 4671 654 4746; x_wconf 84' lang='lat' dir='ltr'><strong>participes</strong></span> <span class='ocrx_word' id='word_1_261' title='bbox 677 4666 775 4727; x_wconf 84' lang='lat' dir='ltr'><strong>iaciat</strong></span> <span class='ocrx_word' id='word_1_262' title='bbox 796 4665 824 4725; x_wconf 89' lang='lat' dir='ltr'><strong>J.</strong></span> <span class='ocrx_word' id='word_1_263' title='bbox 848 4663 924 4728; x_wconf 89' lang='lat' dir='ltr'><strong>Chr.</strong></span> <span class='ocrx_word' id='word_1_264' title='bbox 949 4665 1103 4727; x_wconf 90' lang='lat' dir='ltr'><strong>dominus</strong></span> <span class='ocrx_word' id='word_1_265' title='bbox 1127 4669 1247 4726; x_wconf 89' lang='lat' dir='ltr'><strong>noster.</strong></span> <span class='ocrx_word' id='word_1_266' title='bbox 1270 4663 1406 4723; x_wconf 76' lang='lat' dir='ltr'><strong>Amen«</strong></span> 
     </span>
    </p>
   </div>
   <div class='ocr_carea' id='block_1_20' title="bbox 111 4753 1600 4935">
    <p class='ocr_par' dir='ltr' id='par_1_20' title="bbox 111 4753 1600 4935">
     <span class='ocr_line' id='line_1_35' title="bbox 232 4753 1600 4849; baseline -0.001 -21"><span class='ocrx_word' id='word_1_267' title='bbox 232 4767 253 4831; x_wconf 88' lang='lat' dir='ltr'><strong>l.</strong></span> <span class='ocrx_word' id='word_1_268' title='bbox 283 4767 478 4831; x_wconf 65' lang='lat' dir='ltr'><strong>tob-173·</strong></span> <span class='ocrx_word' id='word_1_269' title='bbox 511 4769 591 4832; x_wconf 82' lang='lat' dir='ltr'><strong>»Hic</strong></span> <span class='ocrx_word' id='word_1_270' title='bbox 625 4773 736 4849; x_wconf 91' lang='lat' dir='ltr'><strong>incipit</strong></span> <span class='ocrx_word' id='word_1_271' title='bbox 766 4771 876 4831; x_wconf 78' lang='lat' dir='ltr'><strong>tabula</strong></span> <span class='ocrx_word' id='word_1_272' title='bbox 906 4769 1011 4831; x_wconf 76' lang='lat' dir='ltr'><strong>fratris</strong></span> <span class='ocrx_word' id='word_1_273' title='bbox 1035 4767 1176 4830; x_wconf 89' lang='lat' dir='ltr'><strong>Hinrisci</strong></span> <span class='ocrx_word' id='word_1_274' title='bbox 1207 4765 1284 4846; x_wconf 82' lang='lat' dir='ltr'><strong>(sic)</strong></span> <span class='ocrx_word' id='word_1_275' title='bbox 1307 4765 1347 4826; x_wconf 87' lang='lat' dir='ltr'><strong>de</strong></span> <span class='ocrx_word' id='word_1_276' title='bbox 1372 4764 1525 4827; x_wconf 82' lang='lat' dir='ltr'><strong>Firmaria</strong></span> <span class='ocrx_word' id='word_1_277' title='bbox 1598 4753 1600 4756; x_wconf 33' lang='lat'>⁵</span> 
     </span>
     <span class='ocr_line' id='line_1_36' title="bbox 111 4858 699 4935; baseline 0.003 -18"><span class='ocrx_word' id='word_1_278' title='bbox 111 4871 226 4935; x_wconf 88' lang='lat' dir='ltr'><strong>super</strong></span> <span class='ocrx_word' id='word_1_279' title='bbox 247 4858 346 4916; x_wconf 88' lang='lat' dir='ltr'><strong>istum</strong></span> <span class='ocrx_word' id='word_1_280' title='bbox 370 4859 530 4934; x_wconf 87' lang='lat' dir='ltr'><strong>integmm</strong></span> <span class='ocrx_word' id='word_1_281' title='bbox 554 4858 699 4919; x_wconf 80' lang='lat' dir='ltr'><strong>librum«</strong></span> 
     </span>
    </p>
   </div>
   <div class='ocr_carea' id='block_1_21' title="bbox 114 4976 1526 5138">
    <p class='ocr_par' dir='ltr' id='par_1_21' title="bbox 114 4976 1526 5138">
     <span class='ocr_line' id='line_1_37' title="bbox 229 4976 1526 5055; baseline -0.002 -20"><span class='ocrx_word' id='word_1_282' title='bbox 229 4980 263 5036; x_wconf 90' lang='lat' dir='ltr'><strong>ln</strong></span> <span class='ocrx_word' id='word_1_283' title='bbox 287 4984 427 5052; x_wconf 89' lang='lat' dir='ltr'><strong>operculo</strong></span> <span class='ocrx_word' id='word_1_284' title='bbox 451 4998 549 5055; x_wconf 90' lang='lat' dir='ltr'><strong>super.</strong></span> <span class='ocrx_word' id='word_1_285' title='bbox 573 4983 750 5040; x_wconf 86' lang='lat' dir='ltr'><strong>intrinsecus</strong></span> <span class='ocrx_word' id='word_1_286' title='bbox 773 4983 821 5040; x_wconf 88' lang='lat' dir='ltr'><strong>hic</strong></span> <span class='ocrx_word' id='word_1_287' title='bbox 836 4983 940 5038; x_wconf 89' lang='lat' dir='ltr'><strong>titulus</strong></span> <span class='ocrx_word' id='word_1_288' title='bbox 956 4997 1045 5036; x_wconf 84' lang='lat' dir='ltr'><strong>manu</strong></span> <span class='ocrx_word' id='word_1_289' title='bbox 1065 4995 1144 5038; x_wconf 79' lang='lat' dir='ltr'><strong>saec.</strong></span> <span class='ocrx_word' id='word_1_290' title='bbox 1160 4976 1216 5034; x_wconf 87' lang='lat' dir='ltr'><strong>XV</strong></span> <span class='ocrx_word' id='word_1_291' title='bbox 1231 4984 1366 5036; x_wconf 87' lang='lat' dir='ltr'><strong>notetur:</strong></span> <span class='ocrx_word' id='word_1_292' title='bbox 1383 4976 1526 5033; x_wconf 81' lang='lat' dir='ltr'><strong>»Summa</strong></span> 
     </span>
     <span class='ocr_line' id='line_1_38' title="bbox 114 5065 1169 5138; baseline 0 -14"><span class='ocrx_word' id='word_1_293' title='bbox 114 5069 221 5125; x_wconf 78' lang='lat' dir='ltr'><strong>fratris</strong></span> <span class='ocrx_word' id='word_1_294' title='bbox 244 5067 371 5126; x_wconf 87' lang='lat' dir='ltr'><strong>Hinrisci</strong></span> <span class='ocrx_word' id='word_1_295' title='bbox 394 5071 431 5126; x_wconf 89' lang='lat' dir='ltr'><strong>de</strong></span> <span class='ocrx_word' id='word_1_296' title='bbox 453 5069 594 5127; x_wconf 80' lang='lat' dir='ltr'><strong>Firmaria</strong></span> <span class='ocrx_word' id='word_1_297' title='bbox 616 5071 652 5125; x_wconf 92' lang='lat' dir='ltr'><strong>de</strong></span> <span class='ocrx_word' id='word_1_298' title='bbox 675 5074 817 5128; x_wconf 75' lang='lat' dir='ltr'><strong>sanctis«</strong></span> <span class='ocrx_word' id='word_1_299' title='bbox 842 5070 937 5125; x_wconf 87' lang='lat' dir='ltr'><strong>Vetus</strong></span> <span class='ocrx_word' id='word_1_300' title='bbox 960 5067 1035 5138; x_wconf 86' lang='lat' dir='ltr'><strong>sign.</strong></span> <span class='ocrx_word' id='word_1_301' title='bbox 1059 5065 1094 5137; x_wconf 86' lang='lat'><strong>0,</strong></span> <span class='ocrx_word' id='word_1_302' title='bbox 1118 5067 1169 5124; x_wconf 84' lang='lat'><strong>92.</strong></span> 
     </span>
    </p>
   </div>
   <div class='ocr_carea' id='block_1_22' title="bbox 165 5288 1370 5353">
    <p class='ocr_par' dir='ltr' id='par_1_22' title="bbox 165 5288 1370 5353">
     <span class='ocr_line' id='line_1_39' title="bbox 165 5288 1370 5353; baseline -0.009 -3"><span class='ocrx_word' id='word_1_303' title='bbox 165 5296 326 5353; x_wconf 67' lang='lat' dir='ltr'><strong>TRUHLXR:</strong></span> <span class='ocrx_word' id='word_1_304' title='bbox 340 5305 391 5353; x_wconf 72' lang='lat' dir='ltr'><strong>Cet</strong></span> <span class='ocrx_word' id='word_1_305' title='bbox 405 5307 460 5352; x_wconf 88' lang='lat' dir='ltr'><strong>cod.</strong></span> <span class='ocrx_word' id='word_1_306' title='bbox 474 5308 516 5352; x_wconf 76' lang='lat' dir='ltr'><strong>lat.</strong></span> <span class='ocrx_word' id='word_1_307' title='bbox 799 5288 850 5340; x_wconf 80' lang='lat'><strong>273</strong></span> <span class='ocrx_word' id='word_1_308' title='bbox 1345 5297 1370 5340; x_wconf 84' lang='grc'><strong>18</strong></span> 
     </span>
    </p>
   </div>
   <div class='ocr_carea' id='block_1_23' title="bbox 0 0 1914 5960">
    <p class='ocr_par' dir='ltr' id='par_1_23' title="bbox 0 0 1914 5960">
     <span class='ocr_line' id='line_1_40' title="bbox 0 0 1914 5960; baseline 0 4"><span class='ocrx_word' id='word_1_309' title='bbox 0 0 1914 5960; x_wconf 95' lang='lat' dir='ltr'><strong> </strong></span> 
     </span>
    </p>
   </div>
  </div>
 </body>
</html>
