3812 5968
817 581 882 644 874

255 790 276 851 f.
304 787 461 852 ish-27⁸
483 789 649 853 Eiusdem
683 790 785 853 Liber
814 791 857 852 de
880 789 1097 867 reparatione
1121 789 1221 866 lapsi.
1256 789 1358 868 »Quis
1382 789 1471 850 dabit
1492 807 1549 850 ca-

146 881 200 956 piti
224 894 299 938 meo
322 894 461 956 aquam«
489 879 521 934 ><
547 878 801 955 »archangelicis
825 877 1080 938 collocandam«

255 979 275 1042 i.
299 979 454 1041 27·-36·
475 979 641 1043 Eiusdem
664 979 765 1042 Liber
788 980 829 1042 de
853 977 1084 1041 conversione
1106 979 1209 1042 vitae.
1236 977 1326 1040 »Noli
1350 995 1426 1058 ergo
1443 995 1548 1058 queso

150 1073 180 1128 te
204 1071 327 1128 amice«
353 1068 387 1127 Χ
413 1084 565 1129 »cursum
589 1072 738 1128 nostrum
763 1070 794 1128 in
820 1067 989 1127 salutem«

253 1170 273 1232 1.
298 1169 459 1232 36·-461
483 1169 649 1233 Eiusdem
687 1169 807 1231 »Liber
838 1173 880 1231 de
910 1171 987 1245 hoc,
1017 1171 1110 1246 quod
1140 1185 1244 1231 nemo
1276 1167 1391 1247 possit
1413 1169 1480 1231 ledi
1504 1170 1547 1231 ab

143 1257 214 1406 ἷξε
236 1257 353 1405 {igitur}
368 1263 483 1396 semet
505 1257 613 1337 ipso«.
650 1255 743 1318 »Scio
767 1256 857 1335 quod
882 1257 1118 1317 crassioribus«
1146 1260 1177 1314 ><
1204 1261 1277 1335 »qui
1302 1275 1322 1316 a
1345 1263 1450 1316 semet
1473 1261 1547 1334 ipso

252 1447 272 1508 1.
295 1442 480 1508 461-124δ
503 1445 670 1508 Eiusdem
691 1446 891 1521 Sermones
915 1462 1054 1525 quorum
1078 1450 1249 1524 registrum
1272 1445 1346 1506 vide
1370 1449 1401 1506 in
1425 1446 1502 1507 fine.

251 1551 272 1611 1.
300 1549 501 1612 1251-1261
526 1549 684 1628 (anepigr.)
712 1547 851 1627 »Regule
887 1555 1041 1628 quinque,
1076 1567 1132 1627 per
1155 1553 1335 1627 quasscire
1351 1566 1545 1627 possumus,

140 1637 275 1717 quando
298 1637 429 1716 aliquod
455 1642 624 1714 peccatum
649 1641 700 1696 est
724 1637 857 1696 mortale
881 1637 932 1696 vel
954 1638 1109 1697 veniale«
1135 1635 1214 1697 ltem
1239 1635 1279 1696 de
1303 1639 1458 1697 oratione.

250 1740 271 1801 1.
299 1740 500 1801 1261-141*
525 1739 683 1818 (anepigr.)
717 1737 898 1800 Tractatus
922 1738 964 1800 de
987 1738 1227 1802 confessione.
1253 1738 1366 1802 »Circa
1389 1741 1548 1802 confessi-

139 1844 240 1888 onem
265 1832 367 1906 primo
391 1831 552 1904 queritur«
579 1827 611 1882 ><
639 1827 757 1887 »nichil
781 1826 857 1887 inde
881 1825 1042 1887 habebit«

253 1930 274 1991 1.
302 1930 503 1992 1411-144Ε
531 1929 661 2008 »incipit
690 1929 872 1991 Summula
901 1929 1020 1991 brevis
1044 1929 1211 1991 edicionis
1242 1931 1443 2005 ostendens,
1475 1948 1543 2008 que

139 2017 355 2096 intempore
379 2016 552 2078 interdicti
581 2016 808 2095 prohibentur
838 2016 894 2077 vel
918 2017 1173 2078 conceduntur«
1201 2019 1233 2073 ><
1259 2033 1442 2078 »concessa
1465 2017 1544 2079 Chr.

140 2108 280 2165 ecclesie
304 2123 324 2164 a
347 2101 503 2168 Christo,
524 2154 530 2165 .
551 2151 557 2165 .
576 2103 617 2163 Et
640 2107 687 2163 sic
711 2109 743 2163 et
766 2103 841 2164 finis
865 2107 959 2164 istius
977 2108 1132 2165 tractatus
1150 2103 1190 2163 de
1206 2105 1435 2164 ecclesiastico
1450 2107 1544 2165 inter·

139 2192 257 2252 dicto«
284 2191 423 2264 (Auctor
444 2195 494 2250 est
515 2190 697 2252 lohannes
721 2189 937 2266 Camerinus,
963 2189 1003 2250 cl.
1029 2189 1101 2250 cod.
1125 2187 1163 2249 V.
1188 2191 1226 2250 A.
1254 2191 1288 2250 9.
1313 2189 1333 2251 i.
1362 2189 1447 2264 187.)

251 2293 271 2356 i.
300 2289 501 2354 1441--1461
523 2293 697 2355 Johannis
713 2291 888 2355 Calderini
904 2291 1090 2356 Distinctio
1106 2293 1148 2356 de
1164 2292 1430 2372 irregularitate.
1449 2293 1543 2354 »Irre-

140 2383 305 2529 ffilssriffi]
321 2379 562 2528 llfflgll‘nitive«
587 2381 620 2437 ><
646 2381 789 2441 »iuribus
812 2381 1025 2458 preallegatis
1057 2379 1097 2442 Et
1120 2384 1169 2440 sic
1192 2385 1244 2441 est
1267 2379 1343 2442 finis
1379 2381 1545 2442 distincci-

252 2569 272 2630 1.
300 2567 500 2630 lire-mab
523 2574 681 2646 (anepigr.)
703 2569 791 2632 Acta
813 2570 913 2631 varia
935 2571 976 2632 de
999 2570 1227 2648 compactatis
1252 2571 1344 2633 inter
1365 2569 1540 2633 Bohemos

140 2663 177 2718 et
200 2657 387 2718 concilium
410 2656 603 2718 Basiliense
637 2660 765 2734 (parum
789 2657 1007 2736 discrepantia
1030 2659 1071 2718 ab
1095 2657 1189 2718 editis
1213 2657 1333 2718 Archiv
1355 2638 1469 2736 Cesky
1491 2657 1540 2730 lll,

140 2743 208 2805 398
232 2747 296 2822 sq.)
318 2743 378 2805 His
403 2747 558 2804 insertum
582 2748 633 2804 est
655 2743 676 2803 1.
705 2737 904 2804 1521-1531
920 2743 1070 2805 Edictum
1087 2744 1296 2804 bohemicum
1313 2743 1542 2823 deputatorum

140 2831 185 2890 ad
209 2829 393 2930 eligendum
414 2831 666 2930 gubernatorem
689 2847 719 2890 a.
748 2829 837 2890 1433.
863 2825 1001 2909 (Vyrok
1023 2823 1167 2892 volitelir
1192 2825 1338 2908 spravce
1354 2827 1544 2893 zemske'ho

139 2912 862 3077 zCuslgreslrlefrr4s13e)muSvatomartinskeho
886 2935 910 2978 r.
931 2915 1023 2992 1433,
1040 2913 1214 2996 neusteny',
1231 2919 1280 2978 ale
1297 2933 1407 2980 srovn.
1424 2919 1544 2978 Archiv

173 3021 210 3064 es
235 3021 258 3082 y
321 3051 327 3070 .
418 3053 423 3064 .
1524 3027 1528 3032 ·

251 3107 272 3167 1.
302 3103 500 3167 155·--1551
534 3105 699 3168 »Articuli
731 3106 902 3184 propositi
933 3107 968 3168 in
999 3123 1101 3169 sacro
1132 3107 1281 3170 concilio
1305 3104 1456 3170 dominis
1481 3107 1544 3169 Bo-

140 3194 257 3255 hemis
279 3192 387 3254 xvlll
407 3193 567 3255 Januarii
591 3192 692 3254 1424·
718 3195 803 3272 (sic).

252 3315 285 3370 ln
316 3316 364 3372 sol.
397 3317 556 3373 membran.
588 3317 726 3388 operculo
757 3317 836 3372 inser.
871 3317 1000 3386 adligato
1031 3319 1148 3389 coplata
1178 3323 1223 3373 est
1256 3313 1420 3388 »Epistola
1442 3318 1544 3374 missa

140 3419 161 3458 a
186 3401 324 3459 concilio
354 3401 523 3458 Basiliensl
547 3401 710 3458 Boemiam
734 3419 760 3459 a.
788 3399 870 3460 1434
901 3407 978 3459 circa
1002 3403 1107 3460 ludica
1129 3405 1159 3460 in
1183 3405 1426 3476 quadragesima«
1460 3405 1543 3476 (Epi-

141 3490 250 3546 stolam
273 3491 349 3544 hanc
379 3492 478 3544 datam
501 3487 539 3544 V.
562 3489 625 3546 kal.
650 3487 741 3545 Mart.
770 3491 850 3546 1434
874 3491 919 3546 ed.
943 3489 1073 3547 Martene
1097 3491 1121 3546 dr
1144 3491 1265 3546 Durand
1281 3489 1357 3560 Vlll,
1375 3491 1463 3562 705.)
1488 3491 1546 3547 Co-

140 3578 237 3633 dicem
268 3581 400 3631 nostrum
431 3577 529 3646 quoad
554 3579 689 3632 materias
708 3578 850 3647 juridicas
880 3593 991 3634 recens,
1016 3577 1145 3645 Schulte,
1169 3577 1282 3633 Canon.
1306 3577 1416 3634 Hdsch.
1440 3596 1468 3650 p.
1494 3577 1544 3636 39.

139 3663 185 3718 De
209 3663 291 3718 Actis
315 3661 335 3717 1.
363 3655 563 3718 1471-1541
586 3663 622 3718 cl.
647 3664 755 3718 Archiv
786 3646 885 3734 Ceskv
908 3663 955 3734 ΙΙΙ,
981 3663 1161 3723 ssa—418.
1186 3662 1219 3719 In
1242 3664 1292 3720 lol.
1318 3665 1436 3722 membr.
1461 3681 1545 3736 prae-

139 3751 234 3820 ligato
258 3754 430 3804 annotatum
464 3754 509 3804 est
531 3749 685 3820 registrum
709 3756 912 3806 contentorum
936 3765 1083 3822 mancum,
1116 3752 1145 3806 ln
1168 3751 1218 3808 lol.
1243 3766 1339 3821 opere.
1364 3752 1446 3808 inler.
1471 3753 1543 3807 adll-

140 3843 212 3907 gato
248 3851 334 3890 verso
364 3835 413 3890 hic
447 3851 604 3906 possessor
633 3851 711 3894 saec.
743 3835 814 3891 XV:
850 3835 970 3892 »Bonus
1000 3837 1073 3892 liber
1103 3837 1181 3908 Mag.
1207 3837 1375 3894 Cristanni‹
1401 3839 1451 3909 (de
1475 3839 1543 3894 Pra-

140 3917 280 3996 charicz).

247 4088 333 4170 874
624 4091 666 4165 V.
694 4090 742 4164 D.
771 4092 806 4163 6.
834 4105 877 4170 (Υ.
899 4107 917 4159 ι.
942 4109 967 4159 3.
993 4123 1019 4159 n.
1036 4109 1090 4170 ar.)

139 4229 252 4292 chart.
278 4248 311 4292 a.
334 4229 419 4292 1412
433 4227 483 4308 fs.
506 4230 581 4304 323,
602 4230 681 4292 305
692 4229 777 4290 ><21
802 4247 864 4291 cm.
887 4229 905 4290 1
933 4249 977 4290 m.

138 4349 316 4413 Johannis
345 4348 644 4429 (sarisberiensis)
673 4348 903 4412 Policraticus
927 4351 969 4412 de
993 4352 1175 4413 curialium
1201 4353 1304 4431 nugis
1328 4357 1363 4415 et
1386 4351 1543 4431 vestigiis

691 4437 992 4514 philosophorum.

251 4539 273 4600 1.
300 4541 332 4600 la
360 4539 491 4618 >incipit
520 4538 756 4618 encheticus(?)
779 4538 938 4601 Johannis
962 4545 993 4601 in
1017 4541 1250 4604 Policraticum
1283 4541 1316 4605 Si
1342 4544 1417 4603 mihi
1441 4543 1543 4604 credi·

140 4627 248 4687 deris«
271 4673 277 4687 .
297 4674 304 4690 .
325 4673 331 4686 .
350 4626 370 4686 1.
394 4627 431 4687 4²
459 4627 588 4706 »Incipit
609 4627 775 4705 prologus.
799 4626 1064 4689 Jocundissimus
1084 4645 1160 4690 cum
1187 4633 1220 4691 in
1233 4632 1361 4691 multis«
1378 4631 1410 4686 ><
1423 4628 1443 4689 1.
1461 4625 1544 4690 321b

140 4713 306 4860 ἑΕῗξέῑὲἐὲ
322 4712 544 4850 ⁴1Policraticon
568 4715 647 4774 liber
681 4714 870 4791 sollempnis
895 4717 1036 4792 scriptus
1060 4733 1088 4777 a.
1114 4715 1145 4777 d.
1172 4715 1253 4778 1412
1286 4715 1368 4778 inira
1391 4721 1542 4778 octavam

251 4899 500 4964 13211-3231
526 4903 709 4982 Registrum
734 4907 851 4980 operis.

253 5027 346 5083 Vetus
369 5031 446 5099 sign.
469 5029 505 5098 A,
530 5029 558 5083 8.
