3820 5966
826 553 892 616 625

264 766 410 840 Operculo
439 767 520 826 inser.
556 767 715 838 adligatum
738 773 784 822 est
805 766 998 836 fragmentum
1022 764 1181 822 membran.
1213 763 1401 822 instrumenti
1423 765 1504 836 publ.
1530 781 1557 822 a.

157 853 251 923 1334,
274 854 304 909 in
339 869 397 924 quo
427 859 584 910 occurrunt
616 851 797 909 Theodrious
832 853 925 908 abbas
960 850 1187 922 strahoviensis,
1222 852 1360 908 Albertus
1397 856 1557 923 episcopus

153 940 350 1014 Pataviensis‚
381 941 474 996 abbas
497 941 617 1013 quidam
641 939 831 996 Gradicensis
854 937 988 995 Olomuo.
1012 940 1106 994 dioec.
1131 944 1159 993 et
1183 939 1258 995 aliae
1281 954 1424 1010 personae
1452 939 1560 996 eccles.

153 1030 184 1084 in
207 1043 299 1100 regno
322 1027 489 1085 Bohemiae.
513 1026 606 1083 Vetus
631 1027 710 1098 sign.
733 1026 759 1095 J,
784 1025 836 1084 33.

259 1195 339 1278 622
599 1194 669 1272 IV.
697 1193 741 1270 B.
769 1193 831 1270 20.
856 1209 902 1276 (v.
921 1209 955 1260 ιι,
975 1210 1000 1260 2.
1018 1222 1045 1260 n.
1065 1209 1117 1271 rr.)

152 1318 262 1382 chart.
285 1335 373 1382 saec.
397 1315 468 1380 XV
482 1313 519 1400 ff.
542 1318 616 1397 245,
637 1318 679 1381 31
693 1317 824 1396 ><2r5
843 1335 908 1379 cm.
931 1319 949 1378 1
975 1335 1018 1378 m.

153 1531 158 1542 Ι
188 1529 219 1542 ..
262 1439 282 1502 i.
311 1441 343 1501 1·
375 1439 606 1519 Fragmentum
641 1444 803 1502 sermonis
838 1439 879 1502 de
911 1445 1026 1519 quarto
1057 1446 1232 1520 praecepto
1265 1440 1413 1518 decalogi
1443 1454 1560 1500 carens

150 1533 243 1589 mmo
262 1535 302 1674 ie.t
318 1527 477 1675 1fib115'2i4b
509 1611 643 1676 Johlini
674 1603 795 1694 (laser
830 1613 872 1676 de
902 1607 1081 1692 Wodiran)
1114 1611 1282 1675 Postillae
1319 1611 1560 1674 Sderaziensis

149 1715 237 1778 pars
259 1699 289 1762 11
311 1699 660 1780 (quadragesimalis).

263 1804 283 1865 i.
307 1799 388 1866 245b
409 1802 572 1884 Hymnus
602 1804 645 1866 de
669 1802 831 1867 siblaria
851 1802 1056 1882 Magdalena
1077 1806 1258 1881 incipiens:
1296 1801 1411 1864 »Felici
1444 1819 1558 1882 pecca·

148 1889 429 2038 ffiffhristique
459 1895 631 1953 amatrici«
658 1890 693 1954 ln
717 1891 782 1953 fine
806 1890 1020 1953 subscribitur
1042 1895 1157 1952 auctor
1178 1891 1228 1950 vel
1242 1889 1350 1951 scriba
1373 1887 1560 1952 »wences-

262 2083 414 2156 Operoulis
437 2085 620 2155 adglutinata
643 2091 713 2140 sunt
735 2083 897 2156 fragmenta
912 2083 1071 2141 membran.
1087 2084 1272 2140 instrumenti
1293 2083 1405 2153 publici
1422 2099 1448 2140 a.
1466 2081 1557 2151 1405,

148 2185 212 2242 quo
244 2172 372 2243 capitulo
402 2167 635 2242 Wya'rehradensi
669 2175 869 2227 consentiente
899 2170 1036 2226 locantur
1057 2171 1177 2243 quidam
1208 2171 1269 2240 agri
1292 2169 1396 2226 iacobi
1419 2171 1557 2227 custodis

148 2257 271 2314 ibidem.
296 2257 328 2313 ln
351 2258 491 2329 operculo
515 2273 611 2330 super.
634 2259 707 2315 haec
730 2265 801 2314 nota
824 2257 968 2315 occurrit:
996 2255 1071 2314 »iste
1093 2256 1166 2312 liber
1185 2264 1230 2312 est
1252 2258 1288 2312 de
1303 2256 1424 2312 libraria
1445 2255 1558 2312 Mathia

148 2343 284 2402 Laude«.
308 2343 401 2400 Vetus
424 2345 500 2417 sign.
524 2343 557 2416 E,
570 2346 599 2402 4.
623 2344 658 2401 In
680 2343 823 2416 Catalogo
847 2343 909 2401 MS.
933 2343 1218 2399 Zimmermanniano
1242 2343 1312 2398 huic
1328 2343 1424 2399 codici
1441 2343 1560 2399 additur

149 2447 177 2488 a.
209 2431 290 2488 1407
315 2433 415 2488 nescio
438 2435 516 2488 unde
539 2438 685 2504 sumptus.

257 2597 336 2680 623
597 2599 668 2676 IV.
696 2598 740 2674 B.
767 2598 828 2674 22.
852 2613 897 2681 (Υ.
918 2615 954 2666 11.
971 2614 996 2665 2.
1015 2629 1040 2665 n.
1059 2615 1112 2680 rr.)

147 2721 260 2783 chari.
282 2737 370 2784 saec.
393 2721 463 2784 XV
481 2722 537 2798 ira,
548 2722 594 2806 ff.
617 2722 693 2798 240,
714 2722 755 2786 31
771 2721 859 2784 ><22
880 2737 943 2783 cm.
968 2722 986 2782 1
1011 2739 1055 2782 m.

225 2933 231 2942 Ι
260 2845 293 2944 ln
316 2844 366 2904 iol.
391 2849 549 2906 membran.
585 2860 645 2904 non
680 2863 760 2905 num.
793 2847 954 2903 delineatae
978 2853 1048 2902 sunt
1082 2848 1199 2905 arbores
1229 2849 1503 2919 consanguinitatis
1528 2853 1556 2903 et

148 2933 424 3078 affinrragrsil-S·
447 3020 604 3092 (anepigr.)
627 3015 811 3095 Expositio
834 2991 1023 3078 earundem
1038 3017 1210 3080 arborum.
1228 3018 1300 3078 »Ad
1316 3018 1556 3096 intelligendam

146 3117 230 3163 vero
252 3109 285 3163 et
306 3102 491 3165 docendam
513 3102 651 3182 liguram
675 3103 859 3165 affinitati&
887 3105 920 3161 ><
947 3105 1027 3165 »hec
1051 3104 1092 3164 de
1115 3105 1230 3166 arbore
1262 3108 1556 3182 consanguinitatis

147 3189 239 3249 dicta
262 3195 338 3251 sunt
360 3190 403 3251 ad
426 3206 572 3269 presens.
598 3189 687 3252 Finis
710 3193 839 3252 huius<

260 3292 280 3354 i.
304 3290 466 3355 ill-235b
488 3293 583 3357 Petri
608 3294 796 3358 Lombardi
829 3293 1089 3358 Sententiarum
1111 3293 1190 3356 libri
1212 3293 1226 3356 1
1249 3300 1284 3357 et
1306 3293 1335 3356 11
1358 3311 1438 3357 cum
1461 3293 1556 3356 notis

146 3378 400 3458 marginalibus
422 3386 459 3442 et
480 3380 775 3445 interlinearibus.
1295 3435 1297 3440 .

259 3465 509 3530 12361-2401
543 3466 664 3532 Oratio
698 3467 915 3548 inauguralis
945 3485 966 3528 a
997 3470 1116 3530 lectore
1146 3468 1291 3546 quodam
1315 3465 1556 3530 Sententiarum

144 3552 190 3614 de
215 3551 375 3615 laudibus
397 3555 594 3634 theologiae
617 3560 649 3618 in
672 3559 882 3617 universitate
907 3553 1110 3634 (Pragensii)
1132 3555 1251 3616 habita.

259 3660 352 3717 Vetus
376 3661 451 3733 sign.
476 3663 511 3732 A,
540 3664 586 3720 14.

254 3827 338 3910 624
597 3830 667 3907 IV.
695 3830 740 3906 B.
766 3829 828 3906 22.
852 3845 896 3910 (v.
914 3846 935 3899 1.
953 3848 979 3899 a
998 3863 1023 3898 n.
1043 3847 1097 3913 ra.)

144 3952 258 4016 chart.
281 3969 315 4014 a.
339 3950 426 4016 1416
434 3952 482 4036 ff
505 3953 569 4018 294
592 3971 697 4030 num„
718 3953 871 4028 31><22
893 3969 957 4014 cm.
980 3953 999 4016 1
1024 3971 1070 4016 m.

257 4072 392 4136 Nicolai
414 4074 458 4137 de
480 4073 627 4139 Gorram
649 4073 751 4137 Dicta
773 4090 881 4153 super
904 4074 1073 4151 epistolas
1096 4092 1124 4138 s.
1148 4074 1257 4138 Pauli.

257 4177 276 4238 i.
302 4173 383 4238 2941’
416 4177 618 4259 »Expliciunt
649 4178 735 4240 dicta
767 4177 869 4240 Gorre
905 4195 1005 4257 super
1034 4180 1190 4258 epistolas
1220 4180 1263 4242 ad
1293 4177 1391 4240 Hebr.
1416 4197 1444 4241 a.
1472 4177 1556 4240 1416

144 4265 204 4326 ier.
231 4263 271 4324 Vl
295 4271 370 4326 ante
393 4263 514 4326 festum
537 4269 763 4327 conversionis
789 4265 877 4327 Pauli
901 4282 958 4344 per
980 4282 1100 4327 manus
1122 4265 1296 4328 Johannis
1319 4263 1433 4328 wila«

258 4370 402 4444 Operculo
433 4373 512 4431 inler.
548 4372 711 4444 adligatum
746 4379 790 4430 est
819 4371 1013 4444 fragmentum
1036 4375 1195 4431 membran.
1226 4373 1367 4429 Breviarii
1398 4373 1553 4429 cuiusdam

145 4474 229 4514 saec.
254 4457 315 4515 XII.
340 4457 433 4516 Vetus
457 4465 531 4532 sign.
556 4459 581 4527 J,
607 4460 657 4517 57.

253 4625 333 4707 625
593 4627 663 4705 IV.
691 4627 735 4704 B.
762 4628 823 4704 23.
845 4643 890 4708 (v.
907 4643 957 4696 111.
975 4644 1000 4695 2.
1019 4646 1109 4710 aar.)

143 4749 338 4812 membran.
367 4767 456 4813 saec.
485 4749 572 4813 XIV
590 4752 636 4813 in.
647 4749 693 4833 ff.
717 4751 784 4814 125
803 4769 906 4828 num„
929 4751 1007 4815 295
1021 4752 1060 4830 ><
1076 4752 1121 4815 22
1144 4769 1207 4814 cm.
1231 4753 1262 4814 d.
1286 4769 1329 4814 m.

256 4870 393 4951 aegidii
421 4872 465 4935 de
495 4872 668 4937 Columna
696 4873 846 4936 Romani
878 4871 1122 4939 Extractiones
1145 4891 1251 4954 super
1274 4880 1425 4952 quatuor
1445 4873 1554 4937 libros

144 4959 417 5022 Sententiarum.

257 5044 277 5107 i.
306 5045 386 5107 1-2
410 5044 504 5125 Opus
528 5047 624 5108 scribi
647 5053 802 5126 coeptum
827 5046 886 5108 sed
910 5050 1143 5109 intermissum.

824 5269 872 5321 251
