3856 5974
1041 513 1121 577 1657

485 721 578 805 1657
948 719 1054 798 VIII.
1080 720 1131 796 H.
1167 721 1227 798 74.

379 880 567 944 numbran.
589 897 622 942 a.
646 878 732 942 1582
754 879 797 958 (1)
810 879 856 962 ff
880 879 954 954 160,
976 880 1054 942 265
1066 883 1097 939 ><
1113 880 1155 944 18
1176 897 1252 954 cm„
1297 876 1441 940 diuma
1470 873 1632 937 manibus
1653 872 1787 936 nitidus-

378 967 465 1030 sime
486 970 649 1030 exaratus
672 968 701 1028 el
723 966 927 1040 rubricatus,
951 967 999 1030 lit.
1022 967 1093 1030 init.
1112 967 1213 1050 pictis
1234 968 1266 1028 el
1296 960 1475 1026 deauratis
1503 963 1695 1023 exornatus.
1744 958 1787 1022 In

370 1051 437 1134 fol.
456 1055 649 1136 praeligato
672 1055 721 1115 est
745 1052 863 1116 tabula
893 1052 1049 1116 exhibens
1064 1053 1210 1135 figuras
1239 1050 1446 1132 allegoricas
1473 1047 1604 1130 egregie
1632 1047 1726 1128 picta
1755 1047 1787 1107 et

382 1143 527 1216 aurata,
564 1143 644 1202 ilem
671 1139 709 1201 iu
729 1138 848 1218 fronte
870 1137 903 1218 s.
936 1139 972 1202 1⁸
996 1140 1144 1222 insignia
1174 1138 1377 1221 reipublicae
1404 1135 1544 1199 Venetae
1575 1134 1734 1197 colorata
1756 1134 1788 1194 et

380 1228 560 1289 deaurata.
585 1223 752 1308 Opereula
786 1227 899 1306 lignea
921 1227 1015 1289 corio
1028 1225 1134 1306 fusco
1157 1226 1313 1300 obducta,
1337 1222 1396 1287 cui
1409 1241 1497 1286 auro
1521 1222 1688 1302 impressa
1704 1222 1789 1282 surrl

382 1313 486 1376 uaria
509 1329 708 1375 ornanrena.
732 1311 872 1376 Fronles
894 1313 977 1376 libri
997 1313 1196 1376 deauratae.

385 1471 559 1535 ›Bulletae
581 1469 757 1534 Venetae«
784 1485 848 1533 seu
869 1469 987 1548 potius
1010 1469 1149 1532 decreta
1172 1473 1318 1532 senatus
1341 1465 1466 1530 Veneti
1496 1463 1709 1526 mercatoria
1742 1463 1788 1524 ab

653 1573 683 1620 a.
709 1555 791 1620 1283
814 1572 927 1634 usque
950 1556 992 1618 ad
1016 1573 1046 1619 a.
1072 1553 1166 1630 1565,
1190 1555 1299 1618 latina
1322 1559 1357 1616 et
1379 1552 1505 1615 italica.

490 1677 511 1741 1.
540 1681 573 1740 1·
599 1677 703 1744 »Cum
727 1695 768 1740 ex
791 1681 944 1739 varietate
969 1677 1149 1740 officiorum
1167 1682 1260 1739 trium
1278 1677 1480 1738 tabularum«
1499 1674 1532 1732 Χ
1548 1671 1569 1734 i.
1589 1666 1665 1736 141⁸
1683 1671 1790 1732 >nella

384 1767 532 1846 predetta
557 1764 817 1827 deliberationes

492 1886 512 1948 1.
541 1881 744 1948 1421-1601
767 1883 896 1948 Tabula
920 1890 1148 1946 contentorum
1173 1884 1387 1964 alphabetica.

492 2027 536 2088 Cf.
560 2027 685 2112 Hanslilr
708 2044 737 2100 p.
763 2027 835 2086 611.

488 2195 583 2278 1656
956 2193 1065 2273 VIII.
1086 2194 1135 2270 H.
1165 2196 1224 2272 75.

384 2336 493 2402 clrart.
513 2353 602 2402 saec.
626 2333 749 2398 XVII]
756 2334 803 2417 ff.
828 2333 871 2398 18
892 2331 972 2412 (18
994 2334 1087 2414 tab),
1108 2335 1153 2398 32
1166 2333 1194 2398 Χ
1209 2335 1249 2398 21
1262 2352 1327 2397 cm.
1351 2335 1370 2397 1
1394 2353 1439 2398 m.

386 2475 530 2538 »Missio
551 2473 785 2552 Asophiensls
808 2479 843 2536 et
864 2472 1164 2554 Taganrolrensls‹
1191 2473 1342 2554 (Relatio
1365 2471 1548 2536 cuiusdam
1571 2465 1791 2532 missionarii

382 2561 561 2625 Austriaei
583 2560 748 2624 catholici
770 2562 812 2624 de
835 2559 960 2625 itinere
981 2559 1152 2624 Asoviam
1185 2565 1221 2623 et
1242 2559 1425 2640 Taganrok
1447 2577 1478 2622 a.
1504 2555 1589 2620 1106
1622 2555 1717 2618 iacto
1754 2559 1792 2614 et

383 2651 426 2713 de
449 2647 605 2713 moribus
629 2651 664 2710 et
686 2647 858 2712 institutis
881 2646 1107 2711 Tartarorum
1129 2646 1405 2726 Calmucorum).
1438 2645 1534 2708 Liber
1555 2643 1577 2706 8
1600 2643 1720 2705 tabulis
1737 2655 1790 2701 ru·

881 2735 961 2797 diter
984 2739 1078 2815 pictis
1101 2735 1289 2798 illustratus.

493 2858 536 2916 Cl.
561 2859 686 2918 Hanslilr
709 2875 739 2932 p.
765 2858 836 2918 613.

488 3061 580 3144 1656
822 3061 922 3139 VIII
952 3061 1002 3138 H.
1032 3063 1091 3140 76.
1120 3079 1166 3146 (r.
1184 3080 1205 3131 r.
1225 3082 1249 3132 r.
1267 3094 1294 3131 n.
1313 3079 1383 3146 127.)

384 3221 572 3283 membran.
595 3236 683 3283 saec.
706 3219 775 3282 XV
793 3237 840 3282 ex.
854 3219 901 3302 ff.
925 3221 990 3284 116
1019 3221 1074 3301 (·:
1086 3221 1152 3285 232
1180 3224 1233 3304 pp.
1269 3223 1385 3298 num),
1421 3220 1563 3285 23)(16
1595 3236 1671 3287 cm..
1718 3229 1791 3276 rma

386 3323 494 3370 manu
516 3307 686 3387 eleganter
707 3310 877 3380 exaratus,
913 3309 959 3370 lit.
994 3309 1065 3370 init.
1095 3309 1197 3389 pictis
1230 3312 1259 3371 et
1292 3309 1471 3372 deauratis
1493 3309 1688 3369 maritatus.
1735 3299 1790 3363 In-

383 3393 579 3475 scriplianes
599 3393 817 3473 singulorum
840 3393 1013 3457 librorum
1036 3394 1084 3457 lit.
1108 3396 1205 3475 capit.
1230 3396 1357 3470 aurete,
1392 3396 1598 3477 argumenta
1633 3388 1719 3452 libri
1741 3385 1796 3448 IV

385 3481 497 3542 colare
518 3481 686 3555 caeruleo,
723 3482 831 3543 textus
847 3484 909 3562 per
930 3483 1038 3543 lotum
1060 3482 1172 3544 colore
1193 3482 1302 3544 rubro
1323 3481 1470 3563 scriptus
1491 3482 1548 3543 est.
1600 3477 1735 3540 Titulus
1756 3475 1793 3535 iu

375 3565 408 3646 s.
433 3568 469 3629 1·
487 3566 634 3648 pictrrris
655 3565 766 3629 uariis
787 3567 888 3629 -iu
900 3564 1020 3647 fronte
1042 3571 1091 3631 est
1112 3566 1241 3649 effigies
1270 3567 1456 3631 Wlaulislai
1476 3567 1579 3646 regis,
1599 3565 1647 3626 ad
1661 3563 1793 3626 calcem

384 3653 513 3733 insigne
534 3664 720 3733 regnorum
744 3653 893 3717 eiusdem
916 3687 960 3698 -
981 3654 1129 3734 undique
1151 3653 1309 3735 cingitur.
1335 3653 1501 3737 Opercrrla
1516 3653 1625 3716 clrarl.
1642 3649 1792 3713 obducta

385 3740 516 3815 sericis,
538 3739 661 3819 quibus
671 3737 743 3820 fila
766 3756 877 3804 aurea
899 3741 1026 3802 intexta
1045 3744 1135 3804 sunl.

389 3877 462 3941 »Ad
499 3877 618 3940 divum
651 3877 884 3940 wladislaum
918 3879 1185 3942 serenissimum
1220 3878 1576 3958 potentissimumque
1615 3871 1793 3954 Ungbarie

386 3981 426 4026 ae
448 3963 616 4027 Bobenrie
638 3980 755 4043 regern
785 3980 925 4042 semper
958 3963 1128 4028 invictum
1162 3965 1418 4030 Pronostiebon
1453 3970 1489 4027 et
1524 3961 1793 4042 Panagyriebon

386 4050 518 4115 editum
538 4067 602 4130 per
622 4051 796 4113 loannem
820 4050 1031 4200 11161116ῗέ
1034 4051 1240 4201 grttgrfrlrlrntlm
1256 4053 1370 4115 nivern
1384 4052 1582 4115 Romanum
1597 4056 1634 4112 et
1650 4053 1794 4128 poetam

494 4279 627 4336 Dubitari
650 4295 710 4335 non
733 4284 839 4351 potest,
862 4281 934 4351 quin
957 4283 1138 4352 praeclarum
1161 4283 1218 4339 hoo
1255 4282 1404 4355 exemplar
1434 4283 1565 4338 oblatum
1588 4279 1628 4336 sit
1651 4281 1708 4354 ipsi
1732 4281 1794 4350 regi

386 4370 424 4425 ab
448 4371 577 4423 auctore.
600 4365 684 4424 Saec.
707 4364 790 4421 XVII
812 4367 907 4422 codex
931 4373 991 4423 erat
1013 4369 1168 4425 cuiusdam
1191 4369 1341 4426 Francisci
1377 4367 1545 4424 Sebastiani
1575 4365 1707 4438 Riptoris
1741 4367 1795 4440 (i),

388 4453 538 4527 quicum,
584 4459 616 4508 ut
639 4453 726 4508 docet
748 4453 900 4524 inscriptio
934 4454 1128 4512 interlineas
1158 4455 1245 4524 tituli,
1292 4473 1318 4512 a.
1354 4454 1434 4512 1638
1469 4461 1542 4526 sept.
1579 4454 1621 4509 24
1651 4455 1796 4511 sodalitio

387 4543 416 4598 b.
435 4541 509 4611 virg.
531 4537 643 4595 Mariae
666 4538 729 4594 sine
752 4539 818 4595 labe
841 4547 1001 4612 conceptae
1016 4541 1259 4613 Kuttenbergensi
1276 4543 1406 4611 donavit,
1422 4543 1500 4597 unde
1515 4545 1588 4596 teste
1601 4540 1796 4598 Soberscbni·

390 4629 440 4684 lrio
462 4625 525 4702 (qui
555 4624 660 4680 librum
691 4625 747 4681 sub
777 4626 862 4681 titulo
911 4625 954 4684 ·l.
985 4625 1025 4685 M.
1060 4627 1186 4700 Nagonii
1211 4671 1218 4686 .
1243 4673 1250 4687 .
1276 4675 1283 4688 .
1307 4635 1477 4700 poematum
1507 4627 1573 4683 libri
1596 4625 1656 4682 IV«
1682 4627 1797 4699 Pragae

391 4713 471 4770 1777
497 4712 602 4783 edidit)
625 4719 775 4768 erectore
798 4713 914 4783 collegii
938 4713 969 4770 S.
992 4712 1017 4772 l.
1043 4713 1198 4786 Pragensis
1223 4717 1389 4788 redemptus
1424 4722 1454 4770 et
1488 4713 1686 4771 bibliothecae
1725 4713 1797 4770 Cle·

388 4805 534 4856 mentione
557 4799 685 4854 insertus
708 4803 761 4856 est.
787 4795 932 4870 Operculo
955 4815 1052 4872 super.
1083 4802 1195 4859 codicis
1226 4801 1318 4858 nostri
1349 4801 1490 4873 inscripta
1521 4807 1566 4856 est
1595 4817 1686 4858 manu
1719 4803 1799 4858 cele·

388 4889 504 4943 berrirni
528 4883 608 4940 illius
631 4883 739 4957 Pragae
762 4889 990 4957 propugnatoris
1012 4886 1042 4944 P.
1067 4887 1185 4960 Georgii
1212 4881 1400 4946 Ostermanni
1424 4887 1535 4960 Placby
1559 4903 1584 4945 a.
1614 4887 1696 4946 1663
1720 4897 1800 4944 nota

389 4971 601 5046 praestantiam
625 4977 653 5026 et
676 4972 735 5028 lata
756 4971 822 5027 libri
846 4987 1037 5032 concernens.
1061 4974 1105 5034 Ci.
1128 4975 1254 5032 Hanslilr
1275 4992 1305 5047 p.
1331 4975 1404 5032 609.

1062 5194 1115 5246 ort
