3856 5974
848 589 923 650 1491

185 797 260 858 linis
282 797 381 858 huius
405 801 628 877 exposicionis
653 815 754 879 super
776 801 1019 878 complanctum
1052 805 1167 860 nature
1201 798 1319 861 Alani.
1341 796 1482 859 ..Pane
1517 793 1585 854 Ma-

184 884 309 963 thyegy
332 883 566 964 Harawyczlry
590 891 833 966 myestyenyne
857 887 878 947 k
902 892 967 947 twe
990 885 1152 966 lybosty«

292 971 314 1032 i.
342 966 544 1034 wib-108b
567 971 690 1052 Hymni
713 972 754 1033 de
778 989 805 1034 s.
829 971 970 1034 Erasmo
993 977 1080 1035 notis
1104 977 1242 1036 musicis
1265 973 1421 1034 instructi.

293 1062 326 1118 In
350 1061 489 1132 operculo
513 1062 596 1119 infer.
620 1068 781 1119 annotatus
804 1069 850 1119 est
872 1079 968 1119 annus
995 1063 1087 1132 1380,
1110 1065 1179 1120 item
1194 1063 1320 1136 epistola
1335 1059 1471 1118 Welislai
1487 1062 1585 1115 cuius-

185 1150 252 1203 dam
276 1151 314 1204 ad
339 1147 373 1205 lr.
396 1147 573 1206 Mauricium
596 1151 631 1205 de
654 1150 765 1207 directo
788 1150 863 1206 libro
889 1151 1051 1222 »papieri«.

289 1314 388 1398 1488
629 1317 736 1394 VIII.
768 1317 802 1395 C.
829 1318 891 1394 19.
919 1334 964 1398 (Υ
982 1334 1003 1387 r
1022 1335 1047 1386 4.
1065 1352 1091 1386 a.
1109 1337 1165 1400 aa.)

186 1457 294 1519 chari.
316 1473 405 1520 saec.
427 1455 515 1518 XIV
529 1457 569 1539 ff.
592 1457 645 1533 83,
668 1459 844 1522 29·5><22
866 1477 929 1522 cm.
953 1459 971 1521 1
1001 1477 1046 1520 m.

293 1577 314 1640 i.
342 1579 479 1638 18-41ι
506 1577 653 1640 »Lilium
676 1579 926 1658 originalium«
973 1577 1155 1642 Tractatus
1189 1581 1231 1642 de
1254 1578 1353 1641 vitiis
1394 1582 1429 1641 et
1463 1576 1586 1656 poenis

184 1663 311 1726 inferni
335 1671 370 1726 et
391 1665 433 1726 de
455 1663 648 1727 virtutibus
679 1672 714 1727 et
737 1667 847 1745 gloria
879 1665 1041 1744 paradisi.
1078 1666 1193 1730 »Prius
1227 1683 1285 1745 per
1313 1669 1585 1744 conspersionem

184 1754 465 1831 uniuscuiusque«
492 1753 524 1809 ><
551 1757 659 1814 «omni
682 1753 903 1815 mutabilitate.
928 1753 1103 1816 Boeotus«

293 1837 314 1900 i.
336 1837 501 1900 41·-82’ι
528 1840 728 1901 »itinerarius
766 1839 807 1900 de
842 1842 1143 1919 contemplacione«
1191 1840 1282 1914 (:S.
1317 1838 1586 1901 Bonaventurae

183 1923 287 1987 Liber
308 1925 350 1986 de
374 1929 510 2002 septem
534 1925 717 1988 itineribus
741 1926 986 2004 aeternitatis).
1035 1926 1149 2002 »Eum,
1174 1931 1228 2006 qui
1250 1930 1339 1988 venit
1361 1925 1402 1986 ad
1426 1942 1489 1998 me,
1520 1941 1587 1987 non

183 2015 318 2074 eiciam«
347 2013 385 2088 ><
412 2016 463 2074 »in
487 2017 634 2074 eternum
658 2011 783 2074 beatus,
808 2013 924 2075 Amen.
948 2012 1115 2092 Explicit«

293 2097 313 2160 i.
338 2097 502 2161 828-83α
526 2098 709 2178 Registrum
733 2104 841 2179 operis
865 2101 1101 2179 praecedentis.

294 2187 372 2244 Nota
393 2191 424 2244 in
447 2188 587 2261 operculo
609 2190 760 2245 inferiore:
788 2190 890 2246 »1425
915 2191 946 2246 in
968 2192 1016 2246 die
1040 2206 1063 2246 s.
1088 2189 1198 2246 Urbani
1231 2191 1326 2260 recepi
1361 2204 1378 2244 a
1414 2188 1584 2260 presbytero

185 2273 365 2331 Wenceslao
389 2275 495 2332 librum
519 2276 783 2345 assimilacionum‚
820 2276 886 2333 loco
910 2277 996 2332 cuius
1017 2277 1083 2333 libri
1106 2279 1163 2333 hoc
1185 2274 1324 2332 volumen
1347 2281 1419 2346 aput
1441 2289 1507 2329 eum
1530 2288 1584 2344 ego

186 2360 291 2434 Smylo
314 2377 424 2433 repono
448 2377 543 2434 usque
567 2365 604 2418 ad
627 2365 781 2435 utriusque
804 2364 897 2420 nostri
920 2364 1133 2422 voluntatem«
1160 2361 1253 2418 Vetus
1276 2367 1352 2433 sign.
1375 2361 1410 2430 D,
1435 2360 1486 2416 68.

290 2528 387 2611 1489
620 2529 727 2606 VIII.
757 2530 796 2608 C.
824 2531 885 2607 20.
914 2547 958 2612 (Υ.
978 2545 1036 2600 ir.
1055 2561 1082 2598 n.
1102 2548 1155 2610 19.)

186 2669 294 2732 chart.
317 2687 404 2732 saec.
428 2669 498 2733 XV
517 2687 565 2732 ex.
587 2671 625 2752 ff.
648 2669 724 2745 147,
745 2671 824 2734 275
834 2671 920 2734 ><20
942 2688 1006 2733 cm.
1029 2670 1047 2732 1
1073 2689 1117 2732 m.

270 2789 365 2854 Petri
388 2792 486 2855 Baldl
510 2795 552 2854 de
575 2791 721 2856 Perusio
745 2792 979 2870 Aiphabetum
1002 2808 1109 2870 super
1130 2795 1207 2854 toto
1230 2806 1376 2868 corpore
1400 2789 1499 2852 iuris.

294 2877 314 2940 i.
343 2879 379 2940 1ι
404 2879 556 2941 »Absens
580 2885 655 2959 quis
678 2879 822 2941 dicatur«
851 2879 879 2942 ><
906 2880 925 2942 i.
955 2876 1032 2940 liib
1055 2876 1238 2957 (vendicare)
1264 2877 1324 2938 »de
1357 2875 1482 2939 Judeis.
1519 2875 1585 2938 Bal.

183 2963 324 3068 Explicit
341 2967 567 3068 Alpbabetum
592 2967 623 3028 d.
647 2964 715 3028 Bal.
740 2967 781 3027 de
806 2966 944 3029 Peruxlo
969 2967 1079 3045 legum
1105 2966 1249 3027 doctoris
1279 2981 1380 3043 super
1414 2970 1481 3027 toto
1517 2981 1587 3028 cor·
1638 3045 1642 3058 ι

183 3069 264 3132 pore
290 3069 399 3114 runs«

293 3223 393 3305 1490
622 3224 730 3302 VIII.
759 3223 796 3300 C.
824 3224 885 3299 21.
914 3241 958 3305 (Υ.
978 3241 1000 3293 r.
1018 3241 1042 3292 r.
1061 3257 1088 3292 n.
1105 3241 1161 3305 55.)

184 3363 293 3426 chart.
316 3382 404 3428 saec.
428 3363 498 3427 XV
507 3364 556 3445 ff.
571 3366 644 3439 139,
661 3363 755 3446 30><
770 3365 810 3427 21
824 3383 885 3426 ern.
914 3365 945 3425 d.
958 3382 1003 3425 m.

384 3485 547 3551 Guilelmi
570 3486 727 3550 Durandi
751 3486 932 3550 Rationale
954 3486 1154 3549 divinorum
1177 3484 1386 3548 officiorum.

293 3575 385 3633 Vetus
409 3578 485 3650 sign.
508 3578 542 3648 B,
568 3577 618 3636 24.
644 3579 716 3635 Cod.
741 3593 853 3634 recens.
877 3577 1007 3648 Schulte,
1032 3576 1145 3633 Canon.
1169 3575 1280 3636 Hdsch.
1304 3593 1333 3648 p.
1359 3577 1409 3634 37.

292 3742 376 3825 1491
648 3743 753 3822 VIII.
782 3745 819 3822 C.
846 3744 906 3819 22.
935 3761 981 3826 (Υ.
999 3760 1022 3812 1.
1040 3761 1065 3812 r.
1083 3776 1110 3814 n.
1126 3761 1181 3826 54.)

183 3883 294 3946 chart.
316 3901 404 3946 saec.
428 3883 485 3947 XI
489 3883 624 3947 V-XV
638 3885 678 3968 ff
702 3886 777 3961 156,
799 3885 918 3948 29·5><
931 3885 974 3946 22
989 3901 1063 3959 cm.,
1086 3884 1104 3946 1
1130 3903 1174 3946 m.
1199 3901 1278 3946 cum
1301 3883 1372 3945 init.
1390 3884 1466 3966 pict.

288 4005 309 4070 i.
337 4003 495 4069 12-1321’
518 4006 613 4069 Petri
635 4005 816 4070 Blesensis
839 4005 1017 4084 Epistulae
1042 4003 1114 4068 152.
1130 4009 1299 4082 (Prologus)
1317 4004 1477 4067 »Henrico
1493 4006 1524 4068 d.
1540 4023 1586 4086 gr.

182 4094 295 4154 illustr.
319 4097 386 4171 regi
409 4095 544 4173 Augila«
570 4095 603 4151 ><
629 4098 753 4155 »vicem
778 4097 907 4155 martirii
931 4099 1168 4172 recompenset.
1192 4091 1361 4170 Explicit.‹

295 4179 316 4241 i.
344 4177 756 4259 132b-133bliegistrum
781 4181 991 4259 epistolarum
1016 4180 1292 4258 praecedentium.

292 4268 314 4330 i.
342 4263 543 4331 1342-155b
556 4267 730 4343 (Pseudo)
745 4266 945 4330 Aristotelis
958 4266 1139 4329 'tractatus
1155 4267 1197 4328 de
1209 4263 1377 4344 regimine
1389 4263 1586 4343 principum

183 4369 249 4416 seu
282 4354 462 4416 secretum
496 4361 723 4416 secretorum.
771 4354 841 4414 »Ad
871 4357 1052 4432 gloriosum
1087 4369 1195 4431 regem
1228 4356 1374 4414 omnium
1397 4369 1529 4431 regum«
1555 4353 1588 4412 ><

185 4441 453 4520 »probabiliorem
478 4447 612 4519 partem.
658 4439 851 4519 Completus
881 4446 933 4501 est
955 4445 1111 4501 tractatus
1135 4440 1176 4500 de
1200 4438 1337 4517 singulis
1359 4439 1507 4500 moribus
1531 4457 1587 4500 na·

182 4529 342 4589 turalibus
365 4528 536 4590 hominum
559 4526 602 4588 ad
625 4543 735 4605 regem
748 4577 755 4589 .
769 4570 798 4589 ..
821 4525 961 4606 Explicit
982 4531 1138 4587 tractatus
1162 4526 1203 4586 de
1226 4527 1381 4602 regimine
1405 4529 1585 4604 principum

181 4616 264 4676 alias
288 4619 449 4675 secretum
474 4619 673 4675 secretorum
708 4613 882 4676 cuiusdam
904 4613 946 4673 ad
970 4611 1213 4674 Alexandrum«
1240 4609 1459 4690 (Subscriptio
1482 4613 1585 4674 cultro

183 4702 353 4780 paululum
377 4701 492 4775 laesa.)

291 4786 312 4849 i.
340 4784 416 4848 156¹>
439 4785 552 4849 Notae
574 4785 763 4849 historicae
786 4802 844 4848 res
867 4785 961 4848 circa
982 4784 1121 4848 Montes
1152 4783 1288 4847 Cutnos
1318 4800 1348 4845 a.
1375 4781 1587 4846 1399-1412

181 4877 301 4952 gestas
324 4877 578 4935 concernentes
601 4878 743 4936 auctore
767 4871 808 4936 ir.
831 4871 1038 4950 Augustino,
1061 4871 1208 4950 plebano
1229 4868 1415 4932 Malinensi
1430 4869 1484 4948 (ci.
1502 4870 1585 4934 Libri

181 4961 332 5022 confirm.
356 4958 421 5033 Vll,
445 4959 496 5022 50.
521 4957 683 5021 Mendose
708 4959 794 5020 adid.
818 4957 940 5034 Hbller,
965 4955 1072 5037 Script
1106 4975 1164 5020 rer.
1189 4958 1263 5020 hus,
1288 4955 1323 5031 ll,
1348 4955 1414 5032 66).

287 5049 381 5106 Vetus
405 5051 480 5121 sign.
506 5049 532 5120 J,
557 5047 607 5110 45.

860 5269 911 5319 549
