3820 5966
1088 591 1153 652 436

521 800 541 861 i.
564 795 750 862 aot-liob
772 797 955 862 Tractatus
977 799 1020 860 de
1043 803 1124 860 octo
1146 797 1428 860 beatitudinibus.
1451 797 1503 860 »ln
1519 799 1705 876 evangelio,
1730 799 1816 878 quod

416 888 532 966 legitur
553 891 585 947 in
608 885 694 947 sesto
717 890 865 947 omnium
889 892 1097 948 sanctorum«
1136 885 1175 964 ><
1211 886 1356 958 (rubrio.)
1404 883 1560 964 »Explicit
1594 885 1814 946 collectorium

417 975 515 1035 huius
538 977 644 1034 tocius
666 973 867 1034 voluminis.
887 1019 894 1033 .
914 1019 921 1034 .
941 974 1004 1033 sub
1026 990 1055 1032 a.
1081 972 1111 1032 d.
1139 967 1250 1033 14451

520 1059 541 1120 l.
570 1054 771 1122 tiit-482b
794 1057 976 1121 Tractatus
992 1059 1035 1121 de
1057 1058 1243 1121 dilectione
1266 1055 1322 1120 dei
1344 1062 1380 1119 et
1401 1057 1553 1135 proximi
1569 1061 1605 1118 et
1619 1057 1812 1135 praeceptis

417 1145 582 1225 decalogi.
608 1143 882 1208 »ScribiturMat
907 1145 959 1220 22,
983 1145 1171 1224 quodcum
1195 1145 1328 1224 quidam
1360 1145 1440 1222 legis
1471 1144 1604 1205 doctor«
1631 1147 1665 1202 ><
1691 1142 1812 1222 »Expli-

416 1239 506 1295 ciunt
529 1249 700 1294 sermones
734 1232 775 1293 de
799 1232 976 1294 dileccione
1001 1233 1051 1293 dei
1076 1239 1108 1293 ct
1131 1235 1269 1312 proximi
1293 1235 1325 1292 et
1347 1235 1478 1293 caritate
1512 1237 1544 1291 ct
1578 1231 1619 1291 de
1655 1235 1811 1309 preceptis

417 1321 770 1469 decakigi'lcssffl—ffldb
793 1403 941 1467 Lectum
963 1421 1070 1483 super
1084 1403 1246 1466 Firmiter
1265 1403 1448 1466 credimus.
1469 1404 1538 1464 »Ad
1555 1405 1686 1464 laudem
1703 1410 1736 1463 et
1750 1405 1813 1482 glo·

416 1498 495 1554 riam
518 1499 697 1554 immense·
724 1493 757 1551 ><
785 1491 941 1571 »Explicit
962 1493 1084 1553 lectura
1119 1489 1200 1570 Mgri
1235 1488 1303 1551 Nic.
1339 1489 1513 1569 Dynklspil
1551 1505 1652 1570 super
1685 1489 1813 1550 firmiter

416 1581 591 1653 credimus
615 1578 790 1656 compilata
812 1584 871 1640 etc.
896 1582 982 1640 etin
1005 1579 1142 1640 concilio
1166 1577 1337 1639 Basiliensi
1361 1594 1389 1638 a.
1414 1577 1446 1638 d.
1470 1575 1635 1651 (1435?).‹

489 1691 492 1697 ·
519 1667 539 1728 f.
564 1661 771 1727 257¹1-28tib
793 1661 1107 1753 Expositlo-super
1128 1663 1339 1726 dominicam
1363 1663 1570 1726 orationem.
1597 1661 1651 1725 ‚Si
1666 1663 1746 1741 quid
1764 1680 1811 1740 pe-

415 1757 533 1816 cieritis
556 1760 680 1832 patrem
703 1755 735 1812 in
759 1755 890 1812 nomine
914 1768 1008 1813 meo«
1034 1753 1067 1811 ><
1101 1750 1259 1831 »Explicit
1289 1755 1459 1828 exposicio
1494 1767 1595 1828 super
1628 1755 1809 1811 oracionem

416 1841 613 1902 dominicam
636 1855 750 1900 vener.
769 1854 855 1916 mag.
879 1834 948 1898 Nic.
974 1835 1164 1916 Dinklspil.«
1258 1857 1259 1860 ¹
1496 1909 1503 1928 ·

519 1926 668 2001 Operculo
690 1929 773 1984 inler.
796 1927 958 1998 adligatum
981 1935 1025 1985 est
1048 1929 1241 1998 fragmentum
1264 1929 1385 1984 membr.
1417 1928 1603 1982 instrumenti
1626 1927 1739 1997 publici
1762 1942 1808 1980 no

414 2019 479 2073 tarii
503 2017 647 2072 iohannis
671 2014 871 2084 Gruenberger
893 2029 981 2086 super
1003 2025 1157 2086 pacemet
1179 2016 1370 2070 concordiam
1392 2028 1470 2068 saec.
1494 2011 1558 2070 XV.
1604 2011 1749 2068 Codicem
1770 2027 1809 2066 re·

414 2119 494 2161 cens.
520 2103 650 2172 sabulis,
674 2101 788 2158 Canon.
813 2101 946 2157 lldscbli.
971 2119 999 2172 p.
1024 2103 1074 2157 36.

518 2270 604 2352 436
889 2269 963 2346 III.
992 2269 1029 2345 C.
1057 2270 1093 2344 5.
1121 2283 1166 2350 (Υ
1188 2285 1266 2337 11.1.
1285 2301 1311 2336 n.
1330 2286 1384 2348 49.)

412 2412 522 2473 chart.
544 2428 632 2474 saec,
655 2409 724 2472 XV
734 2409 783 2490 ff.
807 2411 882 2486 482,
903 2409 1081 2472 31><20·5
1101 2427 1175 2484 cm„
1198 2411 1239 2473 ds
1253 2429 1298 2470 m.

516 2533 703 2596 Sermones
726 2531 955 2595 dominicales
977 2546 1039 2609 per
1062 2530 1230 2592 circulum
1254 2529 1347 2592 anni.
1381 2529 1416 2591 ln
1451 2529 1516 2590 line
1549 2528 1584 2603 (l.
1609 2524 1808 2599 taxe-482)

412 2621 475 2682 alin
496 2637 616 2682 manus
639 2621 778 2682 indicem
803 2635 909 2680 rerum
933 2617 1172 2696 alphabeticum
1196 2616 1330 2686 addidit.
1354 2621 1446 2678 tertia
1468 2621 1500 2677 in
1524 2615 1545 2677 i.
1568 2612 1651 2676 469b
1674 2618 1806 2676 narrati-

413 2724 509 2768 onem
534 2707 574 2767 de
598 2713 700 2768 morte
723 2713 756 2768 et
778 2709 893 2784 poenis
916 2703 1057 2794 Herodis
1080 2706 1176 2765 latine
1200 2710 1232 2766 et
1255 2705 1425 2765 bohemice
1449 2703 1626 2764 subiunxit.

480 2813 483 2834 ’·
516 2810 536 2870 l.
565 2812 598 2870 1⁸
622 2809 675 2871 »ln
699 2809 851 2870 adventu.
876 2807 1047 2869 Dominica
1070 2806 1228 2868 hodierna
1250 2811 1301 2868 est
1324 2807 1445 2885 prima«
1472 2808 1504 2864 ><
1528 2806 1548 2867 i.
1573 2805 1655 2867 466·
1689 2805 1804 2884 (domi-

413 2901 486 2958 nica
508 2901 727 2975 rogationum)
753 2900 888 2974 »signati
913 2899 993 2956 estis
1017 2897 1130 2973 spiritu
1153 2898 1392 2971 promissionis
1416 2897 1471 2974 qui
1495 2899 1546 2954 est
1569 2897 1719 2972 pignus«

516 3003 669 3076 Operculis
693 3004 853 3073 adligatum
888 3007 931 3057 esi
967 3002 1068 3072 fragm.
1094 3003 1213 3058 membr.
1238 3003 1424 3057 instrumenti
1448 3001 1568 3072 publici,
1603 3014 1663 3071 quo
1687 3013 1802 3054 conser-

410 3097 527 3146 vatores
549 3091 656 3147 iurium
679 3098 708 3145 et
729 3090 945 3162 privilegiorum
968 3092 1097 3145 univers.
1120 3087 1204 3158 Prag.
1228 3090 1393 3143 studentem
1416 3089 1572 3159 quendam,
1597 3085 1802 3141 Wenceslaum

412 3185 514 3233 natum
536 3176 665 3233 Mathiae
689 3179 725 3232 de
748 3174 851 3260 Prepa,¹
874 3177 1016 3231 adversus
1038 3182 1170 3246 raptores
1205 3183 1335 3230 tutantur
1359 3192 1385 3230 a.
1414 3175 1505 3232 1409.
1551 3173 1583 3228 In
1607 3175 1712 3228 eodem
1735 3173 1805 3242 trag-
1897 3181 1898 3194 ¹

411 3271 509 3319 mento
533 3278 618 3319 verso
642 3269 762 3319 notatur
784 3263 930 3334 precium:
959 3263 975 3317 2
1001 3278 1101 3332 sexag.
1126 3278 1167 3332 gr.

514 3429 598 3512 437
879 3429 951 3504 III.
982 3428 1018 3506 C.
1047 3431 1081 3504 6.
1110 3445 1159 3511 (Υ.
1178 3445 1213 3497 rr.
1237 3448 1258 3498 r.
1278 3461 1303 3497 ιι.
1321 3447 1376 3510 50.)

410 3571 517 3633 clari.
540 3587 627 3633 saec.
651 3567 720 3632 XV
731 3567 780 3650 ss.
803 3569 878 3645 265,
900 3568 1072 3631 30·5><21
1098 3587 1161 3630 cm.
1185 3571 1214 3632 d.
1241 3587 1284 3631 m.
1403 3581 1406 3588 ’

534 3692 568 3755 S.
589 3691 762 3754 Johanuis
785 3690 1033 3770 chrysostomi
1059 3690 1304 3753 Homiltarium
1327 3707 1434 3769 super
1456 3690 1680 3753 Matthaeum.
1803 3746 1807 3756 .

513 3795 533 3856 l.
563 3799 574 3858 1
601 3800 737 3870 (rubrio.)
762 3792 895 3874 »incipit
917 3792 1125 3856 Omeliarium
1151 3811 1177 3855 s,
1203 3797 1303 3872 patris
1319 3799 1420 3856 nostri
1435 3794 1596 3856 iohannis
1612 3792 1801 3856 Crisostomi

409 3883 644 3961 archiepiscopi
667 3881 1020 3959 constantinopolitani
1043 3898 1143 3960 super
1166 3879 1345 3942 Mutheum.
1393 3879 1572 3960 Oportebat
1595 3881 1746 3960 quidem·
1771 3883 1801 3934 Χ

408 3968 430 4030 i.
454 3967 531 4030 265·
552 3973 659 4043 (rubr.)
685 3967 842 4047 »Explicit
864 3969 1067 4029 omeliarium
1090 3967 1250 4029 iohannis
1274 3967 1468 4030 Crisostomi
1503 3984 1603 4047 super
1638 3965 1801 4028 Matheum

410 4056 473 4116 deo
496 4059 632 4134 gracias.
656 4054 767 4116 Mueff.
791 4053 884 4135 pueti
905 4055 1010 4135 (sic).‹

512 4162 683 4220 Homiliario
706 4162 776 4218 huic
798 4164 910 4235 passim
933 4163 1091 4235 inscriptae
1115 4169 1185 4217 sunt
1208 4167 1295 4216 notae
1317 4163 1348 4216 in
1384 4167 1523 4232 margine,
1559 4163 1667 4232 quibus
1703 4169 1802 4217 auctor

408 4249 661 4305 vehementissime
692 4249 839 4305 invehitur
860 4249 891 4303 in
913 4263 1019 4320 papam
1042 4256 1071 4304 et
1094 4249 1214 4304 clerum.
1237 4247 1318 4303 Idem
1340 4249 1370 4304 in
1393 4249 1496 4304 vacuis
1520 4248 1549 4304 il.
1574 4241 1733 4304 bib-64·
1754 4263 1805 4318 po-

408 4337 467 4391 suit
489 4337 675 4391 traetatulum
703 4337 758 4390 »de
781 4335 986 4394 antichristo«.
1010 4334 1105 4392 Vetus
1127 4337 1205 4406 sign.
1231 4335 1257 4390 A
1280 4335 1331 4405 (ἰ),
1359 4335 1407 4391 10.

511 4500 598 4583 438
876 4503 949 4579 III.
977 4502 1021 4578 E.
1052 4503 1084 4578 7.
1113 4519 1159 4583 (Υ.
1177 4518 1214 4570 11.
1236 4522 1259 4571 1.
1277 4535 1303 4570 a.
1321 4521 1375 4580 51.)

407 4642 516 4706 chart.
541 4661 574 4716 a.
598 4643 684 4706 1410
696 4642 747 4724 ss.
770 4645 835 4708 263
857 4662 962 4720 num„
983 4643 1122 4708 30><21
1148 4661 1211 4705 cm.
1234 4642 1252 4705 1
1278 4663 1323 4706 m.

407 4763 596 4842 (iohannis
629 4764 720 4845 llus)
752 4764 904 4828 Lectura
935 4780 1055 4914 supzro
1076 4768 1225 4928 qlr'ratargr
1258 4764 1366 4825 libros
1407 4763 1662 4826 sententiarum
1701 4761 1803 4842 (Petri

1057 4867 1093 4912 m
1115 4867 1156 4912 ar
1179 4868 1217 4911 ι.

510 4953 532 5016 l.
559 4957 593 5017 1⁸
617 4955 710 5016 Pater
731 4962 764 5017 et
785 4955 872 5016 lilius
895 4962 927 5015 et
949 4959 1082 5034 spiritus
1106 4962 1242 5016 sanctus
1264 4955 1351 5015 idem
1376 4954 1490 5015 deus«.
1515 4956 1548 5012 ><
1567 4953 1591 5014 i.
1616 4953 1699 5015 263b
1735 4956 1801 5031 »qui

406 5045 573 5102 concessit
594 5041 710 5103 librum
733 5045 969 5104 sententiarum
993 5058 1085 5120 mgro
1110 5041 1202 5103 Petro
1226 5041 1334 5102 divine
1358 5045 1514 5102 memorie
1533 5056 1734 5118 componere
1749 5055 1802 5118 pro

1085 5263 1133 5313 170
