3844 5968
814 549 878 610 298

145 763 233 816 currit
256 778 362 817 nomen
385 763 569 832 possessoris
594 763 758 819 »iohannis
788 765 824 818 de
848 761 1033 833 Nepomuk«,
1067 761 1146 833 quod
1170 760 1308 815 monachi
1331 757 1544 828 Tiebonenses‚

144 847 252 918 ¹quibus
276 851 370 904 codex
393 856 498 919 postea
521 850 634 921 obtigit,
658 851 776 920 propria
805 865 895 904 manu
930 864 954 906 s.
990 848 1133 903 iohannis
1167 845 1366 919 Nepomuceni
1401 845 1543 915 scriptum

145 949 210 988 esse
233 935 280 1004 pic
303 943 570 1007 praesumpserunt,
594 944 626 992 ut
651 937 737 992 docet
759 937 862 992 titulus
886 935 1068 992 extrinsecus
1092 932 1230 1006 operculo
1254 932 1464 1003 adglutinatus¹

252 1101 330 1184 296
758 1103 787 1178 I.
818 1103 862 1178 G.
890 1103 950 1178 20.

146 1243 255 1303 caari.
279 1261 311 1304 a.
334 1242 423 1304 1725
431 1243 480 1324 ff.
502 1244 570 1306 155
592 1205 783 1324 (aomos
796 1241 892 1324 pag.)
923 1260 1028 1316 num„
1050 1241 1192 1304 20><15
1212 1259 1275 1305 cm.
1297 1241 1316 1302 1
1341 1259 1386 1302 m.
1420 1237 1550 1317 Magna

140 1329 343 1408 perstitisti
364 1331 480 1392 curtim
503 1334 560 1404 est,
583 1330 643 1394 sed
667 1332 745 1392 crim
768 1329 1009 1390 characterum
1033 1328 1174 1408 vestigia
1197 1329 1232 1390 in
1245 1325 1337 1408 folio
1354 1326 1549 1408 praeligato

148 1416 283 1476 inversa
306 1415 482 1495 supersint,
497 1413 609 1494 facilc
630 1417 824 1478 restituitur
846 1419 876 1477 et
898 1419 945 1479 est
967 1416 1040 1478 hic:

252 1534 348 1596 Liber
370 1535 438 1598 XII.
463 1541 687 1618 complectens
711 1541 866 1616 copiosas
890 1535 1124 1617 Quaestiones
1159 1553 1199 1599 ac
1222 1537 1372 1614 desuper
1405 1533 1548 1596 Resolu-

147 1621 340 1684 tiones...
364 1628 504 1701 patrum
526 1623 740 1704 generalium
763 1639 804 1685 ac
827 1622 1052 1686 visitatorum
1074 1622 1241 1686 collectus
1275 1641 1316 1686 ac
1338 1622 1448 1684 altera
1469 1621 1548 1683 vice

145 1709 346 1787 descriptus
370 1725 433 1788 per
454 1710 489 1772 F.
514 1711 680 1774 carolum
702 1705 862 1772 Pisedzki
884 1710 1059 1772 cartusiae
1077 1709 1314 1773 Waidicensis
1337 1708 1548 1788 professum

252 1813 272 1874 i.
296 1808 334 1874 3¹³
357 1819 401 1886 (in
423 1817 480 1873 line
503 1819 692 1890 praefationis
716 1820 753 1873 ad
785 1817 946 1874 confratres
978 1819 1176 1888 cartusianus)
1213 1812 1356 1892 »Scripsi
1387 1831 1416 1878 a.
1455 1807 1547 1885 1725,

146 1915 214 1977 quo
238 1917 325 1960 anno
348 1905 381 1962 in
405 1903 516 1964 charta
539 1903 668 1980 capituli
690 1902 852 1980 generalis
876 1902 1067 1963 mandatum
1083 1900 1158 1962 iuit:
1183 1899 1222 1962 D.
1240 1899 1378 1964 Carolus
1398 1895 1546 1960 Pisedzki

149 1990 290 2047 vicarius
313 1987 413 2048 vadat
436 1989 477 2049 ad
502 1989 638 2050 domum
662 1987 881 2052 GidIensem.‹

253 2092 355 2149 Codex
379 2095 427 2150 hic
449 2112 517 2151 cum
540 2101 689 2168 sequente,
713 2109 771 2166 quo
795 2095 868 2150 liber
890 2093 925 2154 Η,
950 2097 1124 2162 continetur,
1149 2102 1178 2150 et
1200 2111 1267 2150 cum
1289 2096 1354 2150 cod.
1372 2091 1435 2151 XII.
1452 2092 1488 2150 D.
1510 2091 1545 2150 17

146 2183 184 2234 ad
208 2182 358 2250 quandam
389 2182 592 2238 collectionem
616 2182 755 2238 maiorem
778 2188 922 2253 spectant,
945 2197 1033 2253 quem
1055 2181 1123 2239 Car.
1146 2179 1271 2254 Pisecky'
1294 2195 1345 2252 pro
1363 2177 1547 2236 Cartusianis

148 2267 284 2325 coniecit.

255 2433 333 2515 297
767 2436 797 2512 I.
827 2437 872 2512 G.
898 2435 962 2510 21.

147 2573 260 2636 chart.
284 2592 317 2636 a.
341 2573 558 2638 noe-1713
568 2575 616 2657 ff.
640 2576 705 2638 158
728 2575 893 2660 (atace
909 2575 975 2656 pp),
998 2576 1174 2639 rorare
1194 2593 1257 2638 cm.
1280 2574 1299 2637 1
1325 2593 1371 2639 m.

260 2694 375 2757 »Liber
396 2696 440 2758 11*
464 2699 686 2777 complectens
710 2704 819 2776 partes
850 2697 1035 2759 sex-Pars
1064 2697 1086 2760 i.
1109 2696 1269 2776 Epistola
1298 2707 1334 2761 et
1362 2697 1550 2761 instructio

148 2799 212 2860 pro
238 2781 382 2844 novitiis
405 2784 479 2844 ord.
503 2783 596 2846 Cart.
631 2785 778 2847 authore
799 2784 951 2847 Henrico
974 2783 1017 2846 de
1039 2783 1237 2847 Cosvaldia.
1268 2784 1346 2846 Pars
1369 2784 1404 2848 11.
1436 2785 1550 2864 Colly-

148 2869 243 2930 rium
264 2869 482 2932 instabilium
505 2874 652 2933 authore
673 2871 862 2933 Ambrosio
883 2871 992 2933 Maes.
1012 2871 1090 2932 Pars
1113 2871 1160 2933 ili.
1184 2871 1347 2950 Excerpta
1370 2889 1412 2934 ex
1435 2890 1551 2935 manu-

150 2959 281 3034 scriptis
315 2957 428 3018 libeliis
466 2957 507 3017 de
545 2957 727 3020 stabilitatis
765 2962 798 3020 in
821 2958 922 3019 domo
953 2957 1168 3037 professionis
1202 2963 1347 3020 materia.
1393 2957 1472 3021 Pars
1496 2958 1547 3020 IV.

147 3042 306 3120 Torpedo
329 3041 599 3106 christianorum
622 3043 927 3123 impoenitentium
950 3047 1096 3108 authore
1117 3042 1264 3107 Matthia
1284 3045 1437 3109 Mittner.
1472 3045 1550 3106 Pars

148 3128 186 3194 V.
210 3128 401 3206 Speculum
423 3131 615 3193 modestiae
639 3131 869 3194 Cartusianae
892 3133 1037 3194 authore
1060 3132 1193 3195 eodem.
1213 3132 1292 3194 Pars
1303 3131 1355 3196 Vi.
1378 3130 1552 3205 Excerpta

149 3233 194 3277 ex
218 3216 409 3279 Academia
431 3216 642 3280 Cartusiana
664 3219 811 3280 authore
834 3219 958 3281 eodem
985 3253 1018 3262 -
1046 3219 1201 3280 collectus
1225 3225 1257 3280 et
1279 3223 1419 3297 scriptus
1436 3224 1550 3298 partim

150 3301 301 3363 Gemnici
325 3309 439 3381 partim
463 3302 613 3365 Waidicii
633 3351 639 3365 .
660 3351 666 3364 .
687 3352 693 3367 .
713 3323 770 3384 per
792 3304 826 3366 F.
852 3304 1017 3367 Carolum
1039 3299 1197 3367 Pisetrki
1212 3305 1301 3381 (finis
1318 3307 1397 3366 tituli
1415 3307 1551 3367 evulsus

150 3391 227 3466 est).
252 3389 345 3455 (Pars
368 3389 390 3454 Ι.
415 3389 505 3452 linita
527 3390 674 3452 Gemnici
699 3391 729 3456 8.
750 3393 808 3470 jul.
836 3391 928 3460 1706,
952 3409 1028 3471 pars
1052 3393 1086 3454 ii.
1111 3392 1230 3453 ibidem
1268 3393 1316 3456 15.
1348 3392 1418 3454 dec.
1458 3392 1550 3467 1706,

150 3492 229 3553 pars
253 3475 304 3537 iV.
334 3475 381 3537 17.
406 3483 498 3538 mart.
526 3477 606 3540 1712
631 3477 790 3552 Waidicii‚
815 3496 890 3556 pars
914 3477 951 3538 V.
976 3479 1095 3539 ibidem
1123 3480 1149 3539 1.
1174 3496 1240 3558 apr.
1276 3478 1368 3554 1712,
1398 3478 1450 3544 Vi.
1474 3495 1551 3558 pars

150 3561 301 3623 Gemnici
325 3562 376 3626 28.
401 3580 468 3641 apr.
497 3563 604 3640 1708.)

257 3665 278 3729 i.
307 3665 476 3728 136-158
498 3666 723 3730 Ordinarium
746 3685 809 3730 seu
831 3667 945 3731 torma
967 3685 1031 3747 pro
1061 3669 1212 3747 capitulo
1241 3668 1396 3747 generali
1419 3667 1551 3732 ordinis

150 3750 394 3814 cartusiensis
419 3797 427 3813 .
451 3801 457 3812 .
484 3801 491 3814 .
515 3753 728 3833 descriptum
751 3771 772 3816 a
793 3755 828 3818 F.
854 3754 979 3818 Carolo
1001 3755 1159 3818 Piseczlri
1181 3760 1338 3816 vicarium
1362 3761 1394 3817 in
1411 3759 1553 3817 cartusie

135 3838 298 3913 ‚Paradisi
324 3841 354 3903 b.
377 3838 416 3900 V.
440 3838 483 3902 M.
509 3858 609 3920 prope
633 3840 827 3902 Dentiscum
850 3859 911 3903 seu
933 3841 1106 3904 Gedanum
1131 3861 1159 3907 a.
1186 3841 1279 3918 1718,
1303 3859 1379 3904 cum
1403 3844 1551 3920 catalogo

150 3929 393 4004 provinciarum
419 3933 450 3988 et
473 3927 646 3988 domorum
671 3928 740 3988 ord.
765 3927 986 3990 Certusiensis
1016 3933 1181 3990 annotatis
1211 3933 1307 3991 annis
1339 3929 1550 3990 fundationis.

256 4031 291 4087 In
313 4033 363 4090 iol.
388 4035 526 4105 operculo
549 4051 646 4107 super.
672 4037 800 4107 adligato
824 4038 923 4092 scriba
937 4037 1137 4107 necrologium
1157 4037 1349 4093 celebriorum
1365 4039 1551 4109 quorundam

148 4118 396 4176 Canusianomm
420 4121 603 4193 conscripsit.
627 4121 712 4178 Initio
737 4124 810 4193 part.
834 4121 856 4179 Ι.
894 4123 1023 4194 adligata
1045 4129 1090 4178 est
1113 4124 1229 4194 sculpta
1262 4126 1361 4194 imago
1402 4123 1548 4180 cartusiae

149 4205 478 4277 Gertrudenbergensis.
501 4208 528 4279 ³)
545 4207 733 4264 Collectionis
764 4209 852 4264 huius
882 4209 988 4266 librum
1010 4209 1048 4267 X.
1072 4224 1106 4268 v:
1130 4208 1192 4266 XII.
1217 4209 1251 4268 D,
1280 4210 1328 4268 17.
1353 4209 1547 4266 Collectionis

149 4293 242 4348 huius
264 4292 371 4348 librum
393 4293 456 4350 XII.
479 4310 513 4349 v:
537 4293 560 4352 1.
577 4293 611 4352 G.
637 4295 687 4352 20.
710 4293 755 4349 Ex
778 4297 907 4352 cartusie
929 4297 1112 4353 Waidicensi
1135 4297 1185 4368 (i).

259 4475 341 4557 298
775 4481 804 4557 I.
835 4483 879 4556 G.
907 4483 969 4556 22.

150 4617 266 4678 chart.
290 4633 375 4679 saec.
399 4615 467 4679 XV
480 4618 522 4700 ff.
544 4619 606 4682 101
632 4638 734 4699 num„
756 4621 834 4685 215
843 4622 934 4684 ><15
954 4641 1017 4686 cm.
1040 4624 1059 4685 1
1084 4641 1129 4685 m.

260 4735 448 4800 Semnones
478 4737 568 4801 varii
599 4741 653 4813 (de
685 4741 894 4805 confessione
926 4751 957 4806 et
987 4749 1193 4824 poenitentia,
1226 4761 1284 4824 pro
1315 4744 1489 4818 defunctis,
1514 4745 1554 4805 de

152 4840 252 4885 sacro
277 4824 365 4885 cuitu
389 4825 513 4886 dierum
537 4826 706 4901 iestorum,
731 4829 772 4890 de
796 4835 990 4908 purgatorio
1015 4832 1274 4894 dehonorandis
1291 4831 1489 4911 parentibus,
1514 4830 1554 4891 de

153 4911 395 4972 immortalitate
419 4915 556 4984 animae,
581 4931 639 4992 pro
664 4915 827 4977 defunctis
857 4923 917 4978 etc.
942 4923 1001 4981 etc.
1047 4953 1089 4962 -
1134 4917 1302 4997 OpuscuIa
1331 4920 1414 4979 haec
1445 4922 1555 4997 potius

155 4998 349 5058 tractatuios
373 5015 471 5078 quam
496 5015 670 5062 sermones
694 5001 844 5078 diceres).

836 5226 882 5277 131
1425 5215 1453 5268 a*
