<?xml version="1.0" encoding="UTF-8"?>
<!DOCTYPE html PUBLIC "-//W3C//DTD XHTML 1.0 Transitional//EN"
    "http://www.w3.org/TR/xhtml1/DTD/xhtml1-transitional.dtd">
<html xmlns="http://www.w3.org/1999/xhtml" xml:lang="en" lang="en">
 <head>
  <title>
</title>
<meta http-equiv="Content-Type" content="text/html;charset=utf-8" />
  <meta name='ocr-system' content='tesseract 3.04.00' />
  <meta name='ocr-capabilities' content='ocr_page ocr_carea ocr_par ocr_line ocrx_word'/>
</head>
<body>
  <div class='ocr_page' id='page_1' title='image "./cataloguscodicu03truhgoog_0413.png"; bbox 0 0 3812 5968; ppageno 0'>
   <div class='ocr_carea' id='block_1_1' title="bbox 769 608 832 670">
    <p class='ocr_par' dir='ltr' id='par_1_1' title="bbox 769 608 832 670">
     <span class='ocr_line' id='line_1_1' title="bbox 769 608 832 670; baseline -0.032 0"><span class='ocrx_word' id='word_1_1' title='bbox 769 608 832 670; x_wconf 83' lang='lat'>927</span> 
     </span>
    </p>
   </div>
   <div class='ocr_carea' id='block_1_2' title="bbox 93 812 1499 1069">
    <p class='ocr_par' dir='ltr' id='par_1_2' title="bbox 93 812 1499 1069">
     <span class='ocr_line' id='line_1_2' title="bbox 206 812 1499 900; baseline 0.004 -24"><span class='ocrx_word' id='word_1_2' title='bbox 206 816 227 877; x_wconf 95' lang='grc'>1.</span> <span class='ocrx_word' id='word_1_3' title='bbox 252 812 437 878; x_wconf 59' lang='grc'><strong>941-157·</strong></span> <span class='ocrx_word' id='word_1_4' title='bbox 467 815 633 896; x_wconf 76' lang='lat' dir='ltr'><strong>Dialogus</strong></span> <span class='ocrx_word' id='word_1_5' title='bbox 664 817 756 881; x_wconf 87' lang='lat' dir='ltr'>inter</span> <span class='ocrx_word' id='word_1_6' title='bbox 785 835 834 881; x_wconf 86' lang='lat' dir='ltr'>ss.</span> <span class='ocrx_word' id='word_1_7' title='bbox 863 816 1033 881; x_wconf 84' lang='lat' dir='ltr'>Basilium</span> <span class='ocrx_word' id='word_1_8' title='bbox 1068 823 1103 882; x_wconf 93' lang='lat' dir='ltr'>et</span> <span class='ocrx_word' id='word_1_9' title='bbox 1123 819 1322 882; x_wconf 85' lang='lat' dir='ltr'>Johanuem</span> <span class='ocrx_word' id='word_1_10' title='bbox 1345 819 1499 900; x_wconf 88' lang='lat' dir='ltr'>Chryso·</span> 
     </span>
     <span class='ocr_line' id='line_1_3' title="bbox 93 901 1497 985; baseline 0.003 -21"><span class='ocrx_word' id='word_1_11' title='bbox 93 907 262 964; x_wconf 88' lang='lat' dir='ltr'>stomum.</span> <span class='ocrx_word' id='word_1_12' title='bbox 291 901 407 964; x_wconf 83' lang='lat' dir='ltr'>»Michi</span> <span class='ocrx_word' id='word_1_13' title='bbox 431 904 562 982; x_wconf 90' lang='lat' dir='ltr'>quidem</span> <span class='ocrx_word' id='word_1_14' title='bbox 587 906 677 966; x_wconf 91' lang='lat' dir='ltr'>multi</span> <span class='ocrx_word' id='word_1_15' title='bbox 700 905 830 967; x_wconf 88' lang='lat' dir='ltr'>fuerunt</span> <span class='ocrx_word' id='word_1_16' title='bbox 853 910 929 967; x_wconf 89' lang='lat' dir='ltr'>certi</span> <span class='ocrx_word' id='word_1_17' title='bbox 953 910 1066 967; x_wconf 64' lang='lat' dir='ltr'>armich</span> <span class='ocrx_word' id='word_1_18' title='bbox 1094 907 1134 985; x_wconf 90' lang='lat'>&gt;&lt;</span> <span class='ocrx_word' id='word_1_19' title='bbox 1162 911 1211 966; x_wconf 83' lang='lat' dir='ltr'>»in</span> <span class='ocrx_word' id='word_1_20' title='bbox 1235 911 1381 968; x_wconf 90' lang='lat' dir='ltr'>eternum</span> <span class='ocrx_word' id='word_1_21' title='bbox 1405 913 1497 968; x_wconf 89' lang='lat' dir='ltr'>tuum</span> 
     </span>
     <span class='ocr_line' id='line_1_4' title="bbox 94 989 1050 1069; baseline 0.003 -19"><span class='ocrx_word' id='word_1_22' title='bbox 94 994 240 1069; x_wconf 85' lang='lat' dir='ltr'>recipias</span> <span class='ocrx_word' id='word_1_23' title='bbox 263 990 493 1052; x_wconf 85' lang='lat' dir='ltr'>habitaculum.</span> <span class='ocrx_word' id='word_1_24' title='bbox 518 989 610 1069; x_wconf 91' lang='lat' dir='ltr'>Expl.</span> <span class='ocrx_word' id='word_1_25' title='bbox 636 991 709 1052; x_wconf 90' lang='lat' dir='ltr'>dial.</span> <span class='ocrx_word' id='word_1_26' title='bbox 734 1009 779 1052; x_wconf 91' lang='lat' dir='ltr'>ss.</span> <span class='ocrx_word' id='word_1_27' title='bbox 804 990 879 1053; x_wconf 81' lang='lat' dir='ltr'>Bae.</span> <span class='ocrx_word' id='word_1_28' title='bbox 905 998 937 1052; x_wconf 91' lang='lat' dir='ltr'>et</span> <span class='ocrx_word' id='word_1_29' title='bbox 958 991 1050 1054; x_wconf 84' lang='lat' dir='ltr'>Joh.‹</span> 
     </span>
    </p>
   </div>
   <div class='ocr_carea' id='block_1_3' title="bbox 90 1071 1497 1602">
    <p class='ocr_par' dir='ltr' id='par_1_3' title="bbox 204 1071 953 1174">
     <span class='ocr_line' id='line_1_5' title="bbox 204 1071 953 1174; baseline 0.001 -21"><span class='ocrx_word' id='word_1_30' title='bbox 204 1092 226 1153; x_wconf 85' lang='grc'>1.</span> <span class='ocrx_word' id='word_1_31' title='bbox 255 1071 454 1166; x_wconf 68' lang='lat'>15712-157&#39;3</span> <span class='ocrx_word' id='word_1_32' title='bbox 484 1091 587 1155; x_wconf 86' lang='lat' dir='ltr'>Notae</span> <span class='ocrx_word' id='word_1_33' title='bbox 611 1095 812 1174; x_wconf 84' lang='lat' dir='ltr'>theologicae</span> <span class='ocrx_word' id='word_1_34' title='bbox 835 1096 953 1156; x_wconf 89' lang='lat' dir='ltr'>variae.</span> 
     </span>
    </p>

    <p class='ocr_par' dir='ltr' id='par_1_4' title="bbox 91 1177 1497 1344">
     <span class='ocr_line' id='line_1_6' title="bbox 203 1177 1497 1258; baseline 0.004 -19"><span class='ocrx_word' id='word_1_35' title='bbox 203 1178 225 1239; x_wconf 89' lang='grc'>1.</span> <span class='ocrx_word' id='word_1_36' title='bbox 254 1179 313 1240; x_wconf 87' lang='grc'>158</span> <span class='ocrx_word' id='word_1_37' title='bbox 335 1177 481 1258; x_wconf 85' lang='lat' dir='ltr'>Eugenii</span> <span class='ocrx_word' id='word_1_38' title='bbox 512 1179 559 1242; x_wconf 88' lang='lat' dir='ltr'>lV</span> <span class='ocrx_word' id='word_1_39' title='bbox 589 1181 688 1243; x_wconf 88' lang='lat' dir='ltr'>Bulla</span> <span class='ocrx_word' id='word_1_40' title='bbox 712 1183 753 1243; x_wconf 90' lang='lat' dir='ltr'>de</span> <span class='ocrx_word' id='word_1_41' title='bbox 776 1181 905 1243; x_wconf 86' lang='lat' dir='ltr'>unione</span> <span class='ocrx_word' id='word_1_42' title='bbox 929 1181 1051 1245; x_wconf 87' lang='lat' dir='ltr'>eccles.</span> <span class='ocrx_word' id='word_1_43' title='bbox 1076 1181 1257 1244; x_wconf 86' lang='lat' dir='ltr'>orientalis</span> <span class='ocrx_word' id='word_1_44' title='bbox 1281 1186 1316 1243; x_wconf 92' lang='lat' dir='ltr'>et</span> <span class='ocrx_word' id='word_1_45' title='bbox 1338 1181 1497 1245; x_wconf 86' lang='lat' dir='ltr'>occiden-</span> 
     </span>
     <span class='ocr_line' id='line_1_7' title="bbox 91 1263 1045 1344; baseline 0.007 -19"><span class='ocrx_word' id='word_1_46' title='bbox 91 1265 176 1326; x_wconf 88' lang='lat' dir='ltr'>talis</span> <span class='ocrx_word' id='word_1_47' title='bbox 199 1265 282 1327; x_wconf 86' lang='lat' dir='ltr'>data</span> <span class='ocrx_word' id='word_1_48' title='bbox 302 1263 498 1328; x_wconf 80' lang='lat' dir='ltr'><strong>Florentiae</strong></span> <span class='ocrx_word' id='word_1_49' title='bbox 520 1267 632 1344; x_wconf 84' lang='lat' dir='ltr'>pridie</span> <span class='ocrx_word' id='word_1_50' title='bbox 654 1283 767 1331; x_wconf 86' lang='lat' dir='ltr'>nouas</span> <span class='ocrx_word' id='word_1_51' title='bbox 789 1267 874 1330; x_wconf 87' lang='lat' dir='ltr'>Julii</span> <span class='ocrx_word' id='word_1_52' title='bbox 896 1285 926 1330; x_wconf 87' lang='lat' dir='ltr'>a.</span> <span class='ocrx_word' id='word_1_53' title='bbox 952 1267 1045 1332; x_wconf 82' lang='lat'><em>1439.</em></span> 
     </span>
    </p>

    <p class='ocr_par' dir='ltr' id='par_1_5' title="bbox 90 1351 1495 1602">
     <span class='ocr_line' id='line_1_8' title="bbox 202 1351 1493 1430; baseline 0.002 -19"><span class='ocrx_word' id='word_1_54' title='bbox 202 1355 236 1411; x_wconf 92' lang='lat' dir='ltr'>ln</span> <span class='ocrx_word' id='word_1_55' title='bbox 259 1356 397 1427; x_wconf 90' lang='lat' dir='ltr'>operculo</span> <span class='ocrx_word' id='word_1_56' title='bbox 419 1356 502 1414; x_wconf 80' lang='lat' dir='ltr'>inter.</span> <span class='ocrx_word' id='word_1_57' title='bbox 526 1357 702 1414; x_wconf 88' lang='lat' dir='ltr'>intrinsecus</span> <span class='ocrx_word' id='word_1_58' title='bbox 726 1364 828 1415; x_wconf 85' lang='lat' dir='ltr'>notata</span> <span class='ocrx_word' id='word_1_59' title='bbox 850 1365 895 1414; x_wconf 92' lang='lat' dir='ltr'>est</span> <span class='ocrx_word' id='word_1_60' title='bbox 925 1359 1023 1414; x_wconf 88' lang='lat' dir='ltr'>cantio</span> <span class='ocrx_word' id='word_1_61' title='bbox 1055 1359 1208 1414; x_wconf 85' lang='lat' dir='ltr'>bohemica</span> <span class='ocrx_word' id='word_1_62' title='bbox 1235 1357 1348 1414; x_wconf 78' lang='lat' dir='ltr'>»Mistr</span> <span class='ocrx_word' id='word_1_63' title='bbox 1378 1351 1493 1430; x_wconf 75' lang='lat' dir='ltr'>Lepid«</span> 
     </span>
     <span class='ocr_line' id='line_1_9' title="bbox 90 1437 1495 1517; baseline 0.002 -21"><span class='ocrx_word' id='word_1_64' title='bbox 90 1441 210 1515; x_wconf 64' lang='lat' dir='ltr'>(Vibor</span> <span class='ocrx_word' id='word_1_65' title='bbox 232 1457 249 1497; x_wconf 85' lang='lat' dir='ltr'>z</span> <span class='ocrx_word' id='word_1_66' title='bbox 271 1443 314 1500; x_wconf 91' lang='lat' dir='ltr'>lit.</span> <span class='ocrx_word' id='word_1_67' title='bbox 345 1437 370 1500; x_wconf 75' lang='grc' dir='ltr'>ὅ.</span> <span class='ocrx_word' id='word_1_68' title='bbox 401 1441 437 1514; x_wconf 90' lang='lat'>11,</span> <span class='ocrx_word' id='word_1_69' title='bbox 463 1443 526 1516; x_wconf 85' lang='lat'>29).</span> <span class='ocrx_word' id='word_1_70' title='bbox 557 1443 677 1515; x_wconf 80' lang='lat' dir='ltr'>Utrique</span> <span class='ocrx_word' id='word_1_71' title='bbox 701 1445 839 1517; x_wconf 87' lang='lat' dir='ltr'>operculo</span> <span class='ocrx_word' id='word_1_72' title='bbox 863 1445 992 1516; x_wconf 84' lang='lat' dir='ltr'>adligata</span> <span class='ocrx_word' id='word_1_73' title='bbox 1015 1453 1085 1501; x_wconf 90' lang='lat' dir='ltr'>sunt</span> <span class='ocrx_word' id='word_1_74' title='bbox 1116 1446 1276 1515; x_wconf 78' lang='lat' dir='ltr'>fragmenta</span> <span class='ocrx_word' id='word_1_75' title='bbox 1300 1447 1419 1503; x_wconf 85' lang='lat' dir='ltr'>membr.</span> <span class='ocrx_word' id='word_1_76' title='bbox 1444 1461 1495 1501; x_wconf 92' lang='lat' dir='ltr'>co-</span> 
     </span>
     <span class='ocr_line' id='line_1_10' title="bbox 92 1529 1012 1602; baseline 0.005 -19"><span class='ocrx_word' id='word_1_77' title='bbox 92 1530 171 1584; x_wconf 88' lang='lat' dir='ltr'>dicis</span> <span class='ocrx_word' id='word_1_78' title='bbox 194 1529 350 1585; x_wconf 86' lang='lat' dir='ltr'>cuiusdam</span> <span class='ocrx_word' id='word_1_79' title='bbox 374 1531 478 1586; x_wconf 85' lang='lat' dir='ltr'>medici</span> <span class='ocrx_word' id='word_1_80' title='bbox 503 1545 582 1589; x_wconf 85' lang='lat' dir='ltr'>saec.</span> <span class='ocrx_word' id='word_1_81' title='bbox 607 1529 683 1589; x_wconf 84' lang='lat' dir='ltr'><em>XIV.</em></span> <span class='ocrx_word' id='word_1_82' title='bbox 709 1530 801 1587; x_wconf 87' lang='lat' dir='ltr'>Vetus</span> <span class='ocrx_word' id='word_1_83' title='bbox 826 1533 901 1602; x_wconf 84' lang='lat' dir='ltr'>sign.</span> <span class='ocrx_word' id='word_1_84' title='bbox 925 1531 958 1602; x_wconf 91' lang='lat' dir='ltr'>B,</span> <span class='ocrx_word' id='word_1_85' title='bbox 983 1533 1012 1588; x_wconf 85' lang='grc'>6.</span> 
     </span>
    </p>
   </div>
   <div class='ocr_carea' id='block_1_4' title="bbox 196 1696 1013 1778">
    <p class='ocr_par' dir='ltr' id='par_1_6' title="bbox 196 1696 1013 1778">
     <span class='ocr_line' id='line_1_11' title="bbox 196 1696 1013 1778; baseline -0.016 0"><span class='ocrx_word' id='word_1_86' title='bbox 196 1696 276 1778; x_wconf 84' lang='grc'>925</span> <span class='ocrx_word' id='word_1_87' title='bbox 571 1698 612 1773; x_wconf 94' lang='lat' dir='ltr'>V.</span> <span class='ocrx_word' id='word_1_88' title='bbox 641 1698 682 1773; x_wconf 86' lang='lat' dir='ltr'>F.</span> <span class='ocrx_word' id='word_1_89' title='bbox 708 1699 744 1773; x_wconf 73' lang='lat'>3.</span> <span class='ocrx_word' id='word_1_90' title='bbox 772 1715 816 1776; x_wconf 76' lang='lat' dir='ltr'>(x.</span> <span class='ocrx_word' id='word_1_91' title='bbox 835 1715 857 1765; x_wconf 94' lang='lat'>1.</span> <span class='ocrx_word' id='word_1_92' title='bbox 876 1716 900 1766; x_wconf 90' lang='lat'>2.</span> <span class='ocrx_word' id='word_1_93' title='bbox 915 1731 940 1765; x_wconf 77' lang='lat' dir='ltr'>u.</span> <span class='ocrx_word' id='word_1_94' title='bbox 960 1717 1013 1778; x_wconf 73' lang='lat' dir='ltr'>aa&gt;</span> 
     </span>
    </p>
   </div>
   <div class='ocr_carea' id='block_1_5' title="bbox 88 1835 1435 1920">
    <p class='ocr_par' dir='ltr' id='par_1_7' title="bbox 88 1835 1435 1920">
     <span class='ocr_line' id='line_1_12' title="bbox 88 1835 1435 1920; baseline 0.002 -23"><span class='ocrx_word' id='word_1_95' title='bbox 88 1838 202 1898; x_wconf 86' lang='lat' dir='ltr'><em>chart.</em></span> <span class='ocrx_word' id='word_1_96' title='bbox 225 1855 312 1900; x_wconf 80' lang='lat' dir='ltr'>saec.</span> <span class='ocrx_word' id='word_1_97' title='bbox 335 1835 423 1900; x_wconf 88' lang='lat' dir='ltr'>XIV</span> <span class='ocrx_word' id='word_1_98' title='bbox 442 1855 489 1899; x_wconf 79' lang='lat' dir='ltr'>ex.</span> <span class='ocrx_word' id='word_1_99' title='bbox 512 1838 610 1918; x_wconf 75' lang='lat' dir='ltr'>(pars</span> <span class='ocrx_word' id='word_1_100' title='bbox 632 1856 663 1900; x_wconf 88' lang='lat' dir='ltr'>a.</span> <span class='ocrx_word' id='word_1_101' title='bbox 687 1835 788 1917; x_wconf 80' lang='lat'><em>1395)</em></span> <span class='ocrx_word' id='word_1_102' title='bbox 809 1838 846 1920; x_wconf 76' lang='lat' dir='ltr'>ff.</span> <span class='ocrx_word' id='word_1_103' title='bbox 869 1838 934 1900; x_wconf 86' lang='grc'>144</span> <span class='ocrx_word' id='word_1_104' title='bbox 956 1856 1060 1913; x_wconf 71' lang='lat' dir='ltr'>num„</span> <span class='ocrx_word' id='word_1_105' title='bbox 1083 1838 1123 1901; x_wconf 83' lang='lat'>21</span> <span class='ocrx_word' id='word_1_106' title='bbox 1139 1839 1227 1900; x_wconf 84' lang='grc'><strong>&gt;&lt;14</strong></span> <span class='ocrx_word' id='word_1_107' title='bbox 1248 1857 1311 1900; x_wconf 87' lang='lat' dir='ltr'>cm.</span> <span class='ocrx_word' id='word_1_108' title='bbox 1335 1839 1367 1902; x_wconf 88' lang='lat' dir='ltr'>d.</span> <span class='ocrx_word' id='word_1_109' title='bbox 1390 1855 1435 1900; x_wconf 87' lang='lat' dir='ltr'>m.</span> 
     </span>
    </p>
   </div>
   <div class='ocr_carea' id='block_1_6' title="bbox 85 1958 1493 3164">
    <p class='ocr_par' dir='ltr' id='par_1_8' title="bbox 87 1958 1493 2384">
     <span class='ocr_line' id='line_1_13' title="bbox 199 1958 1493 2036; baseline 0.001 -16"><span class='ocrx_word' id='word_1_110' title='bbox 199 1959 220 2020; x_wconf 92' lang='grc'>1.</span> <span class='ocrx_word' id='word_1_111' title='bbox 259 1959 393 2021; x_wconf 70' lang='lat'>12-691</span> <span class='ocrx_word' id='word_1_112' title='bbox 429 1963 588 2036; x_wconf 82' lang='lat' dir='ltr'>(anepigr.)</span> <span class='ocrx_word' id='word_1_113' title='bbox 630 1958 913 2022; x_wconf 81' lang='lat' dir='ltr'>Commentarius</span> <span class='ocrx_word' id='word_1_114' title='bbox 948 1960 984 2022; x_wconf 88' lang='lat' dir='ltr'>in</span> <span class='ocrx_word' id='word_1_115' title='bbox 1019 1959 1209 2023; x_wconf 85' lang='lat' dir='ltr'>Eberhardi</span> <span class='ocrx_word' id='word_1_116' title='bbox 1241 1959 1493 2024; x_wconf 87' lang='lat' dir='ltr'>Betbuniensis</span> 
     </span>
     <span class='ocr_line' id='line_1_14' title="bbox 88 2042 1402 2128; baseline 0.001 -22"><span class='ocrx_word' id='word_1_117' title='bbox 88 2042 343 2109; x_wconf 88' lang='lat' dir='ltr'>Graecismum.</span> <span class='ocrx_word' id='word_1_118' title='bbox 378 2044 572 2110; x_wconf 86' lang='lat' dir='ltr'>»Osculetur</span> <span class='ocrx_word' id='word_1_119' title='bbox 600 2063 652 2108; x_wconf 93' lang='lat' dir='ltr'>me</span> <span class='ocrx_word' id='word_1_120' title='bbox 684 2048 799 2109; x_wconf 90' lang='lat' dir='ltr'>osculo</span> <span class='ocrx_word' id='word_1_121' title='bbox 830 2051 896 2108; x_wconf 88' lang='lat' dir='ltr'>oris</span> <span class='ocrx_word' id='word_1_122' title='bbox 928 2051 988 2108; x_wconf 90' lang='lat' dir='ltr'>sui.</span> <span class='ocrx_word' id='word_1_123' title='bbox 1024 2047 1187 2128; x_wconf 83' lang='lat' dir='ltr'>Quamvis</span> <span class='ocrx_word' id='word_1_124' title='bbox 1211 2047 1262 2108; x_wconf 86' lang='lat' dir='ltr'>illa</span> <span class='ocrx_word' id='word_1_125' title='bbox 1284 2047 1402 2108; x_wconf 77' lang='lat' dir='ltr'>verba«</span> 
     </span>
     <span class='ocr_line' id='line_1_15' title="bbox 87 2131 1493 2213; baseline 0.003 -23"><span class='ocrx_word' id='word_1_126' title='bbox 87 2131 108 2190; x_wconf 87' lang='grc'>1.</span> <span class='ocrx_word' id='word_1_127' title='bbox 132 2132 193 2192; x_wconf 77' lang='lat'>54·</span> <span class='ocrx_word' id='word_1_128' title='bbox 222 2131 378 2211; x_wconf 80' lang='lat' dir='ltr'>»Explicit</span> <span class='ocrx_word' id='word_1_129' title='bbox 411 2149 496 2211; x_wconf 89' lang='lat' dir='ltr'>opus</span> <span class='ocrx_word' id='word_1_130' title='bbox 527 2137 618 2213; x_wconf 89' lang='lat' dir='ltr'>primi</span> <span class='ocrx_word' id='word_1_131' title='bbox 649 2134 717 2194; x_wconf 90' lang='lat' dir='ltr'>libri</span> <span class='ocrx_word' id='word_1_132' title='bbox 741 2133 920 2195; x_wconf 83' lang='lat' dir='ltr'>Grecismi«</span> <span class='ocrx_word' id='word_1_133' title='bbox 948 2134 988 2212; x_wconf 89' lang='grc'>&gt;&lt;</span> <span class='ocrx_word' id='word_1_134' title='bbox 1017 2134 1352 2196; x_wconf 75' lang='lat' dir='ltr'>»Pentecontrarchos</span> <span class='ocrx_word' id='word_1_135' title='bbox 1376 2134 1493 2195; x_wconf 87' lang='lat' dir='ltr'>dieitur</span> 
     </span>
     <span class='ocr_line' id='line_1_16' title="bbox 88 2219 1491 2300; baseline 0.003 -24"><span class='ocrx_word' id='word_1_136' title='bbox 88 2219 245 2280; x_wconf 90' lang='lat' dir='ltr'>dominus</span> <span class='ocrx_word' id='word_1_137' title='bbox 280 2236 379 2298; x_wconf 89' lang='lat' dir='ltr'>super</span> <span class='ocrx_word' id='word_1_138' title='bbox 408 2223 641 2300; x_wconf 81' lang='lat' dir='ltr'>quinquaginta</span> <span class='ocrx_word' id='word_1_139' title='bbox 671 2222 806 2282; x_wconf 79' lang='lat' dir='ltr'>milites«</span> <span class='ocrx_word' id='word_1_140' title='bbox 838 2220 927 2300; x_wconf 85' lang='lat' dir='ltr'>(linis</span> <span class='ocrx_word' id='word_1_141' title='bbox 960 2221 1097 2283; x_wconf 89' lang='lat' dir='ltr'>secundi</span> <span class='ocrx_word' id='word_1_142' title='bbox 1121 2221 1190 2282; x_wconf 92' lang='lat' dir='ltr'>libri</span> <span class='ocrx_word' id='word_1_143' title='bbox 1213 2219 1307 2281; x_wconf 87' lang='lat' dir='ltr'>deest</span> <span class='ocrx_word' id='word_1_144' title='bbox 1330 2221 1414 2281; x_wconf 89' lang='lat' dir='ltr'>loliis</span> <span class='ocrx_word' id='word_1_145' title='bbox 1440 2237 1491 2280; x_wconf 89' lang='lat' dir='ltr'>se-</span> 
     </span>
     <span class='ocr_line' id='line_1_17' title="bbox 87 2307 428 2384; baseline 0.009 -20"><span class='ocrx_word' id='word_1_146' title='bbox 87 2307 267 2384; x_wconf 89' lang='lat' dir='ltr'>quentibus</span> <span class='ocrx_word' id='word_1_147' title='bbox 289 2309 428 2380; x_wconf 90' lang='lat' dir='ltr'>vacuis).</span> 
     </span>
    </p>

    <p class='ocr_par' dir='ltr' id='par_1_9' title="bbox 85 2388 1490 2974">
     <span class='ocr_line' id='line_1_18' title="bbox 198 2388 1490 2468; baseline 0.001 -16"><span class='ocrx_word' id='word_1_148' title='bbox 198 2391 219 2452; x_wconf 88' lang='grc'>1.</span> <span class='ocrx_word' id='word_1_149' title='bbox 244 2388 427 2455; x_wconf 70' lang='lat' dir='ltr'><strong>73¹-138b</strong></span> <span class='ocrx_word' id='word_1_150' title='bbox 450 2395 608 2468; x_wconf 83' lang='lat' dir='ltr'>(anepigr.)</span> <span class='ocrx_word' id='word_1_151' title='bbox 639 2392 919 2455; x_wconf 88' lang='lat' dir='ltr'>Commentarius</span> <span class='ocrx_word' id='word_1_152' title='bbox 950 2392 986 2455; x_wconf 88' lang='lat' dir='ltr'>in</span> <span class='ocrx_word' id='word_1_153' title='bbox 1015 2393 1206 2456; x_wconf 83' lang='lat' dir='ltr'>Alexandri</span> <span class='ocrx_word' id='word_1_154' title='bbox 1237 2394 1279 2455; x_wconf 91' lang='lat' dir='ltr'>de</span> <span class='ocrx_word' id='word_1_155' title='bbox 1310 2391 1402 2454; x_wconf 88' lang='lat' dir='ltr'>Villa</span> <span class='ocrx_word' id='word_1_156' title='bbox 1423 2390 1490 2454; x_wconf 89' lang='lat' dir='ltr'>Dei</span> 
     </span>
     <span class='ocr_line' id='line_1_19' title="bbox 85 2476 1489 2559; baseline 0.001 -20"><span class='ocrx_word' id='word_1_157' title='bbox 85 2476 301 2540; x_wconf 89' lang='lat' dir='ltr'>Doctrinalis</span> <span class='ocrx_word' id='word_1_158' title='bbox 324 2485 459 2556; x_wconf 84' lang='lat' dir='ltr'>partem</span> <span class='ocrx_word' id='word_1_159' title='bbox 482 2480 672 2540; x_wconf 88' lang='lat' dir='ltr'>secundam</span> <span class='ocrx_word' id='word_1_160' title='bbox 703 2479 972 2557; x_wconf 85' lang='lat' dir='ltr'>(syntactieam).</span> <span class='ocrx_word' id='word_1_161' title='bbox 1008 2482 1093 2542; x_wconf 75' lang='lat' dir='ltr'>»Aut</span> <span class='ocrx_word' id='word_1_162' title='bbox 1115 2481 1274 2559; x_wconf 87' lang='lat' dir='ltr'>prodesse</span> <span class='ocrx_word' id='word_1_163' title='bbox 1297 2481 1411 2541; x_wconf 87' lang='lat' dir='ltr'>volunt</span> <span class='ocrx_word' id='word_1_164' title='bbox 1433 2485 1489 2540; x_wconf 89' lang='lat' dir='ltr'>aut</span> 
     </span>
     <span class='ocr_line' id='line_1_20' title="bbox 86 2565 1488 2644; baseline 0.001 -20"><span class='ocrx_word' id='word_1_165' title='bbox 86 2565 251 2626; x_wconf 87' lang='lat' dir='ltr'>delectare</span> <span class='ocrx_word' id='word_1_166' title='bbox 285 2572 399 2644; x_wconf 84' lang='lat' dir='ltr'>poete«</span> <span class='ocrx_word' id='word_1_167' title='bbox 429 2568 467 2644; x_wconf 89' lang='lat'>&gt;&lt;</span> <span class='ocrx_word' id='word_1_168' title='bbox 495 2565 554 2627; x_wconf 84' lang='lat' dir='ltr'>»Et</span> <span class='ocrx_word' id='word_1_169' title='bbox 583 2571 630 2627; x_wconf 86' lang='lat' dir='ltr'>sic</span> <span class='ocrx_word' id='word_1_170' title='bbox 662 2567 799 2628; x_wconf 85' lang='lat' dir='ltr'>habetur</span> <span class='ocrx_word' id='word_1_171' title='bbox 833 2567 907 2628; x_wconf 88' lang='lat' dir='ltr'>linis</span> <span class='ocrx_word' id='word_1_172' title='bbox 931 2567 1029 2628; x_wconf 89' lang='lat' dir='ltr'>huius</span> <span class='ocrx_word' id='word_1_173' title='bbox 1052 2569 1172 2628; x_wconf 89' lang='lat' dir='ltr'>lecture</span> <span class='ocrx_word' id='word_1_174' title='bbox 1196 2569 1318 2628; x_wconf 88' lang='lat' dir='ltr'>scilicet</span> <span class='ocrx_word' id='word_1_175' title='bbox 1342 2565 1488 2627; x_wconf 89' lang='lat' dir='ltr'>secunde</span> 
     </span>
     <span class='ocr_line' id='line_1_21' title="bbox 86 2653 1490 2733; baseline 0.001 -22"><span class='ocrx_word' id='word_1_176' title='bbox 86 2656 200 2729; x_wconf 81' lang='lat' dir='ltr'>partis,</span> <span class='ocrx_word' id='word_1_177' title='bbox 233 2657 265 2712; x_wconf 90' lang='lat' dir='ltr'>in</span> <span class='ocrx_word' id='word_1_178' title='bbox 297 2668 363 2733; x_wconf 88' lang='lat' dir='ltr'>qua</span> <span class='ocrx_word' id='word_1_179' title='bbox 400 2657 427 2713; x_wconf 92' lang='lat' dir='ltr'>si</span> <span class='ocrx_word' id='word_1_180' title='bbox 450 2653 558 2731; x_wconf 85' lang='lat' dir='ltr'>aliqua</span> <span class='ocrx_word' id='word_1_181' title='bbox 582 2657 677 2731; x_wconf 90' lang='lat' dir='ltr'>posui</span> <span class='ocrx_word' id='word_1_182' title='bbox 701 2669 742 2713; x_wconf 91' lang='lat' dir='ltr'>ex</span> <span class='ocrx_word' id='word_1_183' title='bbox 766 2657 896 2731; x_wconf 89' lang='lat' dir='ltr'>proprio</span> <span class='ocrx_word' id='word_1_184' title='bbox 921 2659 1036 2733; x_wconf 84' lang='lat' dir='ltr'>capite,</span> <span class='ocrx_word' id='word_1_185' title='bbox 1062 2670 1125 2732; x_wconf 91' lang='lat' dir='ltr'>que</span> <span class='ocrx_word' id='word_1_186' title='bbox 1150 2671 1216 2715; x_wconf 87' lang='lat' dir='ltr'>non</span> <span class='ocrx_word' id='word_1_187' title='bbox 1241 2659 1318 2714; x_wconf 89' lang='lat' dir='ltr'>sunt</span> <span class='ocrx_word' id='word_1_188' title='bbox 1340 2669 1490 2714; x_wconf 87' lang='lat' dir='ltr'>consona</span> 
     </span>
     <span class='ocr_line' id='line_1_22' title="bbox 85 2740 1490 2819; baseline 0.002 -23"><span class='ocrx_word' id='word_1_189' title='bbox 85 2742 224 2810; x_wconf 84' lang='lat' dir='ltr'>veritati,</span> <span class='ocrx_word' id='word_1_190' title='bbox 256 2755 315 2817; x_wconf 92' lang='lat' dir='ltr'>pro</span> <span class='ocrx_word' id='word_1_191' title='bbox 346 2740 406 2800; x_wconf 85' lang='lat' dir='ltr'>illis</span> <span class='ocrx_word' id='word_1_192' title='bbox 437 2740 562 2800; x_wconf 89' lang='lat' dir='ltr'>subicio</span> <span class='ocrx_word' id='word_1_193' title='bbox 593 2756 645 2800; x_wconf 90' lang='lat' dir='ltr'>me</span> <span class='ocrx_word' id='word_1_194' title='bbox 668 2741 932 2800; x_wconf 89' lang='lat' dir='ltr'>correccionibus</span> <span class='ocrx_word' id='word_1_195' title='bbox 955 2741 1092 2812; x_wconf 88' lang='lat' dir='ltr'>illorum,</span> <span class='ocrx_word' id='word_1_196' title='bbox 1117 2757 1257 2819; x_wconf 87' lang='lat' dir='ltr'>quorum</span> <span class='ocrx_word' id='word_1_197' title='bbox 1281 2743 1415 2800; x_wconf 86' lang='lat' dir='ltr'>interest</span> <span class='ocrx_word' id='word_1_198' title='bbox 1437 2756 1490 2799; x_wconf 91' lang='lat' dir='ltr'>me</span> 
     </span>
     <span class='ocr_line' id='line_1_23' title="bbox 86 2821 1490 2904; baseline 0 -20"><span class='ocrx_word' id='word_1_199' title='bbox 86 2829 248 2904; x_wconf 85' lang='lat' dir='ltr'>corrigere</span> <span class='ocrx_word' id='word_1_200' title='bbox 269 2874 275 2887; x_wconf 95' lang='lat'><em>.</em></span> <span class='ocrx_word' id='word_1_201' title='bbox 295 2873 328 2886; x_wconf 95' lang='lat'>..</span> <span class='ocrx_word' id='word_1_202' title='bbox 355 2826 393 2886; x_wconf 90' lang='lat' dir='ltr'>A.</span> <span class='ocrx_word' id='word_1_203' title='bbox 425 2827 456 2886; x_wconf 91' lang='lat' dir='ltr'>d.</span> <span class='ocrx_word' id='word_1_204' title='bbox 490 2821 572 2886; x_wconf 85' lang='lat'>1395</span> <span class='ocrx_word' id='word_1_205' title='bbox 604 2827 729 2888; x_wconf 85' lang='lat' dir='ltr'>linitum</span> <span class='ocrx_word' id='word_1_206' title='bbox 753 2828 829 2901; x_wconf 87' lang='lat' dir='ltr'>(sic)</span> <span class='ocrx_word' id='word_1_207' title='bbox 853 2832 904 2887; x_wconf 92' lang='lat' dir='ltr'>est</span> <span class='ocrx_word' id='word_1_208' title='bbox 927 2831 987 2887; x_wconf 91' lang='lat' dir='ltr'>iste</span> <span class='ocrx_word' id='word_1_209' title='bbox 1011 2827 1090 2886; x_wconf 90' lang='lat' dir='ltr'>liber</span> <span class='ocrx_word' id='word_1_210' title='bbox 1112 2825 1145 2888; x_wconf 94' lang='lat' dir='ltr'>ll.</span> <span class='ocrx_word' id='word_1_211' title='bbox 1170 2827 1226 2887; x_wconf 87' lang='lat' dir='ltr'>fer.</span> <span class='ocrx_word' id='word_1_212' title='bbox 1252 2830 1327 2904; x_wconf 88' lang='lat' dir='ltr'>post</span> <span class='ocrx_word' id='word_1_213' title='bbox 1351 2825 1490 2886; x_wconf 85' lang='lat' dir='ltr'>Remini·</span> 
     </span>
     <span class='ocr_line' id='line_1_24' title="bbox 88 2910 754 2974; baseline 0.005 -4"><span class='ocrx_word' id='word_1_214' title='bbox 88 2928 213 2972; x_wconf 79' lang='lat' dir='ltr'>scere«</span> <span class='ocrx_word' id='word_1_215' title='bbox 240 2910 368 2974; x_wconf 89' lang='lat' dir='ltr'>Nomen</span> <span class='ocrx_word' id='word_1_216' title='bbox 392 2913 537 2974; x_wconf 88' lang='lat' dir='ltr'>scribae:</span> <span class='ocrx_word' id='word_1_217' title='bbox 561 2911 754 2974; x_wconf 77' lang='lat' dir='ltr'>lohannes.</span> 
     </span>
    </p>

    <p class='ocr_par' dir='ltr' id='par_1_10' title="bbox 196 2997 1068 3078">
     <span class='ocr_line' id='line_1_25' title="bbox 196 2997 1068 3078; baseline 0 -19"><span class='ocrx_word' id='word_1_218' title='bbox 196 2998 218 3060; x_wconf 92' lang='grc'>1.</span> <span class='ocrx_word' id='word_1_219' title='bbox 246 2997 320 3060; x_wconf 87' lang='grc'><strong>139·</strong></span> <span class='ocrx_word' id='word_1_220' title='bbox 342 2997 532 3078; x_wconf 87' lang='lat' dir='ltr'>Cisiojanus</span> <span class='ocrx_word' id='word_1_221' title='bbox 555 3015 630 3060; x_wconf 90' lang='lat' dir='ltr'>cum</span> <span class='ocrx_word' id='word_1_222' title='bbox 653 3001 777 3078; x_wconf 84' lang='lat' dir='ltr'>glossis</span> <span class='ocrx_word' id='word_1_223' title='bbox 799 3001 1068 3060; x_wconf 85' lang='lat' dir='ltr'>interlinearibus.</span> 
     </span>
    </p>

    <p class='ocr_par' dir='ltr' id='par_1_11' title="bbox 196 3082 974 3164">
     <span class='ocr_line' id='line_1_26' title="bbox 196 3082 974 3164; baseline 0.001 -18"><span class='ocrx_word' id='word_1_224' title='bbox 196 3085 217 3147; x_wconf 83' lang='lat' dir='ltr'>t.</span> <span class='ocrx_word' id='word_1_225' title='bbox 247 3082 450 3147; x_wconf 67' lang='lat' dir='ltr'>139u-144s</span> <span class='ocrx_word' id='word_1_226' title='bbox 472 3083 575 3147; x_wconf 85' lang='lat' dir='ltr'>Notae</span> <span class='ocrx_word' id='word_1_227' title='bbox 598 3091 706 3146; x_wconf 86' lang='lat' dir='ltr'>variae</span> <span class='ocrx_word' id='word_1_228' title='bbox 730 3090 974 3164; x_wconf 89' lang='lat' dir='ltr'>grammaticae.</span> 
     </span>
    </p>
   </div>
   <div class='ocr_carea' id='block_1_7' title="bbox 191 3253 999 3337">
    <p class='ocr_par' dir='ltr' id='par_1_12' title="bbox 191 3253 999 3337">
     <span class='ocr_line' id='line_1_27' title="bbox 191 3253 999 3337; baseline -0.016 -1"><span class='ocrx_word' id='word_1_229' title='bbox 191 3255 272 3337; x_wconf 83' lang='grc'>926</span> <span class='ocrx_word' id='word_1_230' title='bbox 571 3253 607 3328; x_wconf 92' lang='lat' dir='ltr'>V.</span> <span class='ocrx_word' id='word_1_231' title='bbox 635 3255 676 3330; x_wconf 92' lang='lat' dir='ltr'>F.</span> <span class='ocrx_word' id='word_1_232' title='bbox 704 3255 739 3328; x_wconf 88' lang='grc'>4.</span> <span class='ocrx_word' id='word_1_233' title='bbox 768 3270 813 3336; x_wconf 77' lang='grc' dir='ltr'>(Υ.</span> <span class='ocrx_word' id='word_1_234' title='bbox 833 3271 855 3323; x_wconf 89' lang='lat'>1.</span> <span class='ocrx_word' id='word_1_235' title='bbox 867 3273 891 3322; x_wconf 88' lang='lat'>2.</span> <span class='ocrx_word' id='word_1_236' title='bbox 907 3289 932 3323; x_wconf 75' lang='lat' dir='ltr'>n.</span> <span class='ocrx_word' id='word_1_237' title='bbox 944 3275 999 3336; x_wconf 82' lang='lat'>55.)</span> 
     </span>
    </p>
   </div>
   <div class='ocr_carea' id='block_1_8' title="bbox 84 3392 1199 3473">
    <p class='ocr_par' dir='ltr' id='par_1_13' title="bbox 84 3392 1199 3473">
     <span class='ocr_line' id='line_1_28' title="bbox 84 3392 1199 3473; baseline 0.004 -19"><span class='ocrx_word' id='word_1_238' title='bbox 84 3395 195 3456; x_wconf 80' lang='lat' dir='ltr'>chart.</span> <span class='ocrx_word' id='word_1_239' title='bbox 227 3411 315 3456; x_wconf 82' lang='lat' dir='ltr'>saec.</span> <span class='ocrx_word' id='word_1_240' title='bbox 345 3393 432 3457; x_wconf 91' lang='lat' dir='ltr'>XIV</span> <span class='ocrx_word' id='word_1_241' title='bbox 450 3412 498 3456; x_wconf 84' lang='lat' dir='ltr'>ex.</span> <span class='ocrx_word' id='word_1_242' title='bbox 512 3392 562 3473; x_wconf 89' lang='lat' dir='ltr'>fs.</span> <span class='ocrx_word' id='word_1_243' title='bbox 585 3394 629 3457; x_wconf 87' lang='lat'>98</span> <span class='ocrx_word' id='word_1_244' title='bbox 650 3412 754 3470; x_wconf 69' lang='lat' dir='ltr'>nram„</span> <span class='ocrx_word' id='word_1_245' title='bbox 787 3395 864 3457; x_wconf 67' lang='lat'>205</span> <span class='ocrx_word' id='word_1_246' title='bbox 877 3395 1005 3472; x_wconf 80' lang='grc'><strong>&gt;&lt;14·5</strong></span> <span class='ocrx_word' id='word_1_247' title='bbox 1023 3413 1086 3457; x_wconf 86' lang='lat' dir='ltr'>cm.</span> <span class='ocrx_word' id='word_1_248' title='bbox 1111 3397 1129 3457; x_wconf 89' lang='lat'><em>1</em></span> <span class='ocrx_word' id='word_1_249' title='bbox 1154 3413 1199 3458; x_wconf 84' lang='lat' dir='ltr'>m.</span> 
     </span>
    </p>
   </div>
   <div class='ocr_carea' id='block_1_9' title="bbox 82 3513 1489 4369">
    <p class='ocr_par' dir='ltr' id='par_1_14' title="bbox 83 3513 1489 3663">
     <span class='ocr_line' id='line_1_29' title="bbox 83 3513 1489 3592; baseline 0.003 -16"><span class='ocrx_word' id='word_1_250' title='bbox 83 3514 174 3592; x_wconf 87' lang='lat' dir='ltr'>Mag.</span> <span class='ocrx_word' id='word_1_251' title='bbox 220 3514 322 3577; x_wconf 88' lang='lat' dir='ltr'>Jonis</span> <span class='ocrx_word' id='word_1_252' title='bbox 367 3513 613 3577; x_wconf 80' lang='lat' dir='ltr'>Commeatum</span> <span class='ocrx_word' id='word_1_253' title='bbox 650 3514 784 3592; x_wconf 85' lang='lat' dir='ltr'>primae</span> <span class='ocrx_word' id='word_1_254' title='bbox 822 3515 930 3591; x_wconf 88' lang='lat' dir='ltr'>partis</span> <span class='ocrx_word' id='word_1_255' title='bbox 968 3515 1181 3579; x_wconf 87' lang='lat' dir='ltr'>Doctrinalis</span> <span class='ocrx_word' id='word_1_256' title='bbox 1218 3517 1409 3580; x_wconf 82' lang='lat' dir='ltr'>Alexandri</span> <span class='ocrx_word' id='word_1_257' title='bbox 1445 3518 1489 3580; x_wconf 87' lang='lat' dir='ltr'>de</span> 
     </span>
     <span class='ocr_line' id='line_1_30' title="bbox 695 3600 881 3663; baseline 0.005 -1"><span class='ocrx_word' id='word_1_258' title='bbox 695 3600 787 3663; x_wconf 88' lang='lat' dir='ltr'>Villa</span> <span class='ocrx_word' id='word_1_259' title='bbox 810 3601 881 3663; x_wconf 89' lang='lat' dir='ltr'>Dei.</span> 
     </span>
    </p>

    <p class='ocr_par' dir='ltr' id='par_1_15' title="bbox 82 3686 1487 4027">
     <span class='ocr_line' id='line_1_31' title="bbox 195 3686 1485 3769; baseline 0.002 -21"><span class='ocrx_word' id='word_1_260' title='bbox 195 3687 217 3748; x_wconf 91' lang='grc'>1.</span> <span class='ocrx_word' id='word_1_261' title='bbox 245 3690 278 3748; x_wconf 58' lang='grc' dir='ltr'>1ἃ</span> <span class='ocrx_word' id='word_1_262' title='bbox 314 3686 423 3750; x_wconf 83' lang='lat' dir='ltr'>»Sicut</span> <span class='ocrx_word' id='word_1_263' title='bbox 454 3689 530 3750; x_wconf 92' lang='lat' dir='ltr'>dicit</span> <span class='ocrx_word' id='word_1_264' title='bbox 559 3691 709 3766; x_wconf 88' lang='lat' dir='ltr'>sapiens:</span> <span class='ocrx_word' id='word_1_265' title='bbox 743 3687 859 3750; x_wconf 89' lang='lat' dir='ltr'>Timor</span> <span class='ocrx_word' id='word_1_266' title='bbox 889 3689 1011 3751; x_wconf 90' lang='lat' dir='ltr'>domini</span> <span class='ocrx_word' id='word_1_267' title='bbox 1044 3695 1085 3750; x_wconf 87' lang='lat' dir='ltr'>sit</span> <span class='ocrx_word' id='word_1_268' title='bbox 1115 3693 1305 3769; x_wconf 89' lang='lat' dir='ltr'>negociacio</span> <span class='ocrx_word' id='word_1_269' title='bbox 1342 3697 1417 3751; x_wconf 82' lang='lat' dir='ltr'>tua«</span> <span class='ocrx_word' id='word_1_270' title='bbox 1446 3691 1485 3767; x_wconf 83' lang='lat'>&gt;&lt;</span> 
     </span>
     <span class='ocr_line' id='line_1_32' title="bbox 84 3772 1487 3856; baseline 0.004 -23"><span class='ocrx_word' id='word_1_271' title='bbox 84 3773 102 3834; x_wconf 90' lang='grc'>1.</span> <span class='ocrx_word' id='word_1_272' title='bbox 127 3775 189 3836; x_wconf 78' lang='lat'>98²</span> <span class='ocrx_word' id='word_1_273' title='bbox 216 3772 373 3853; x_wconf 87' lang='lat' dir='ltr'>»Explicit</span> <span class='ocrx_word' id='word_1_274' title='bbox 394 3781 583 3837; x_wconf 88' lang='lat' dir='ltr'>comentum</span> <span class='ocrx_word' id='word_1_275' title='bbox 607 3779 707 3853; x_wconf 88' lang='lat' dir='ltr'>prime</span> <span class='ocrx_word' id='word_1_276' title='bbox 731 3778 830 3854; x_wconf 86' lang='lat' dir='ltr'>partis</span> <span class='ocrx_word' id='word_1_277' title='bbox 853 3774 939 3854; x_wconf 83' lang='lat' dir='ltr'>ltlag.</span> <span class='ocrx_word' id='word_1_278' title='bbox 965 3777 1140 3838; x_wconf 71' lang='lat' dir='ltr'>Alexandri</span> <span class='ocrx_word' id='word_1_279' title='bbox 1164 3775 1257 3838; x_wconf 86' lang='lat' dir='ltr'>Dicta</span> <span class='ocrx_word' id='word_1_280' title='bbox 1280 3793 1381 3838; x_wconf 90' lang='lat' dir='ltr'>rever.</span> <span class='ocrx_word' id='word_1_281' title='bbox 1399 3776 1487 3856; x_wconf 84' lang='lat' dir='ltr'>Mag.</span> 
     </span>
     <span class='ocr_line' id='line_1_33' title="bbox 82 3857 1486 3941; baseline 0.003 -21"><span class='ocrx_word' id='word_1_282' title='bbox 82 3861 207 3923; x_wconf 79' lang='lat' dir='ltr'>lonis«</span> <span class='ocrx_word' id='word_1_283' title='bbox 245 3861 293 3938; x_wconf 89' lang='lat' dir='ltr'>(ln</span> <span class='ocrx_word' id='word_1_284' title='bbox 324 3861 398 3921; x_wconf 90' lang='lat' dir='ltr'>cod.</span> <span class='ocrx_word' id='word_1_285' title='bbox 429 3863 647 3941; x_wconf 89' lang='lat' dir='ltr'>Amploniano</span> <span class='ocrx_word' id='word_1_286' title='bbox 677 3857 714 3923; x_wconf 91' lang='lat'>8⁰</span> <span class='ocrx_word' id='word_1_287' title='bbox 747 3881 777 3924; x_wconf 89' lang='lat' dir='ltr'>n.</span> <span class='ocrx_word' id='word_1_288' title='bbox 814 3863 853 3924; x_wconf 84' lang='lat'>14</span> <span class='ocrx_word' id='word_1_289' title='bbox 881 3868 1019 3923; x_wconf 90' lang='lat' dir='ltr'>vocatur</span> <span class='ocrx_word' id='word_1_290' title='bbox 1051 3869 1289 3925; x_wconf 79' lang='lat' dir='ltr'>commentator</span> <span class='ocrx_word' id='word_1_291' title='bbox 1314 3862 1486 3926; x_wconf 84' lang='lat' dir='ltr'>›Suessio-</span> 
     </span>
     <span class='ocr_line' id='line_1_34' title="bbox 83 3945 623 4027; baseline 0.004 -19"><span class='ocrx_word' id='word_1_292' title='bbox 83 3953 241 4020; x_wconf 85' lang='lat' dir='ltr'>nensis«;</span> <span class='ocrx_word' id='word_1_293' title='bbox 265 3947 306 4009; x_wconf 85' lang='lat' dir='ltr'>ct.</span> <span class='ocrx_word' id='word_1_294' title='bbox 331 3945 455 4009; x_wconf 91' lang='lat' dir='ltr'>Schum</span> <span class='ocrx_word' id='word_1_295' title='bbox 480 3966 509 4027; x_wconf 93' lang='lat' dir='ltr'>p.</span> <span class='ocrx_word' id='word_1_296' title='bbox 533 3947 623 4026; x_wconf 88' lang='grc'><strong>681.)</strong></span> 
     </span>
    </p>

    <p class='ocr_par' dir='ltr' id='par_1_16' title="bbox 194 4030 1126 4114">
     <span class='ocr_line' id='line_1_35' title="bbox 194 4030 1126 4114; baseline 0.002 -20"><span class='ocrx_word' id='word_1_297' title='bbox 194 4033 216 4095; x_wconf 84' lang='lat' dir='ltr'>i.</span> <span class='ocrx_word' id='word_1_298' title='bbox 240 4030 402 4096; x_wconf 72' lang='lat' dir='ltr'>9ga,9go</span> <span class='ocrx_word' id='word_1_299' title='bbox 425 4036 502 4109; x_wconf 90' lang='lat' dir='ltr'>(alia</span> <span class='ocrx_word' id='word_1_300' title='bbox 524 4033 637 4114; x_wconf 90' lang='lat' dir='ltr'>manu)</span> <span class='ocrx_word' id='word_1_301' title='bbox 665 4031 873 4113; x_wconf 87' lang='lat' dir='ltr'>·Sequuntur</span> <span class='ocrx_word' id='word_1_302' title='bbox 896 4034 1126 4096; x_wconf 69' lang='lat' dir='ltr'>sufficienda«</span> 
     </span>
    </p>

    <p class='ocr_par' dir='ltr' id='par_1_17' title="bbox 83 4123 1486 4369">
     <span class='ocr_line' id='line_1_36' title="bbox 194 4123 1484 4196; baseline 0.003 -17"><span class='ocrx_word' id='word_1_303' title='bbox 194 4123 349 4195; x_wconf 87' lang='lat' dir='ltr'>Operculis</span> <span class='ocrx_word' id='word_1_304' title='bbox 378 4125 561 4196; x_wconf 85' lang='lat' dir='ltr'>adglutinata</span> <span class='ocrx_word' id='word_1_305' title='bbox 595 4130 665 4180; x_wconf 90' lang='lat' dir='ltr'>sunt</span> <span class='ocrx_word' id='word_1_306' title='bbox 698 4124 860 4196; x_wconf 79' lang='lat' dir='ltr'>fragmenta</span> <span class='ocrx_word' id='word_1_307' title='bbox 894 4125 1050 4180; x_wconf 86' lang='lat' dir='ltr'>cuiusdam</span> <span class='ocrx_word' id='word_1_308' title='bbox 1085 4127 1198 4196; x_wconf 85' lang='lat' dir='ltr'>registri</span> <span class='ocrx_word' id='word_1_309' title='bbox 1229 4127 1380 4182; x_wconf 87' lang='lat' dir='ltr'>censualis</span> <span class='ocrx_word' id='word_1_310' title='bbox 1405 4142 1484 4183; x_wconf 87' lang='lat' dir='ltr'>saec.</span> 
     </span>
     <span class='ocr_line' id='line_1_37' title="bbox 83 4208 1486 4284; baseline 0.004 -21"><span class='ocrx_word' id='word_1_311' title='bbox 83 4209 162 4278; x_wconf 84' lang='lat' dir='ltr'>XIV,</span> <span class='ocrx_word' id='word_1_312' title='bbox 187 4211 301 4282; x_wconf 92' lang='lat' dir='ltr'>inquo</span> <span class='ocrx_word' id='word_1_313' title='bbox 325 4222 482 4268; x_wconf 88' lang='lat' dir='ltr'>occurrunt</span> <span class='ocrx_word' id='word_1_314' title='bbox 504 4212 611 4267; x_wconf 85' lang='lat' dir='ltr'>villae:</span> <span class='ocrx_word' id='word_1_315' title='bbox 635 4208 811 4278; x_wconf 84' lang='lat' dir='ltr'>Podworzie‚</span> <span class='ocrx_word' id='word_1_316' title='bbox 836 4211 959 4268; x_wconf 87' lang='lat' dir='ltr'>Crenaw</span> <span class='ocrx_word' id='word_1_317' title='bbox 981 4213 1173 4284; x_wconf 85' lang='lat' dir='ltr'>bohemicale,</span> <span class='ocrx_word' id='word_1_318' title='bbox 1197 4211 1374 4284; x_wconf 83' lang='lat' dir='ltr'>Zbilowecz,</span> <span class='ocrx_word' id='word_1_319' title='bbox 1399 4211 1486 4268; x_wconf 90' lang='lat' dir='ltr'>Beni-</span> 
     </span>
     <span class='ocr_line' id='line_1_38' title="bbox 83 4296 1157 4369; baseline 0.006 -19"><span class='ocrx_word' id='word_1_320' title='bbox 83 4297 210 4367; x_wconf 88' lang='lat' dir='ltr'>kowicz‚</span> <span class='ocrx_word' id='word_1_321' title='bbox 234 4297 331 4354; x_wconf 88' lang='lat' dir='ltr'>Dolan</span> <span class='ocrx_word' id='word_1_322' title='bbox 353 4297 398 4369; x_wconf 89' lang='lat' dir='ltr'>(in</span> <span class='ocrx_word' id='word_1_323' title='bbox 422 4299 555 4354; x_wconf 88' lang='lat' dir='ltr'>districtu</span> <span class='ocrx_word' id='word_1_324' title='bbox 579 4296 817 4368; x_wconf 85' lang='lat' dir='ltr'>Crumloviensi).</span> <span class='ocrx_word' id='word_1_325' title='bbox 840 4297 934 4354; x_wconf 88' lang='lat' dir='ltr'>Vetus</span> <span class='ocrx_word' id='word_1_326' title='bbox 958 4302 1033 4368; x_wconf 89' lang='lat' dir='ltr'>sign.</span> <span class='ocrx_word' id='word_1_327' title='bbox 1057 4299 1082 4366; x_wconf 87' lang='lat' dir='ltr'>J,</span> <span class='ocrx_word' id='word_1_328' title='bbox 1111 4300 1157 4358; x_wconf 88' lang='grc'>19.</span> 
     </span>
    </p>
   </div>
   <div class='ocr_carea' id='block_1_10' title="bbox 82 4463 1152 4671">
    <p class='ocr_par' dir='ltr' id='par_1_18' title="bbox 82 4463 1152 4671">
     <span class='ocr_line' id='line_1_39' title="bbox 189 4463 996 4545; baseline -0.011 0"><span class='ocrx_word' id='word_1_329' title='bbox 189 4463 268 4545; x_wconf 81' lang='grc'>927</span> <span class='ocrx_word' id='word_1_330' title='bbox 551 4467 594 4540; x_wconf 90' lang='lat' dir='ltr'>V.</span> <span class='ocrx_word' id='word_1_331' title='bbox 622 4467 662 4542; x_wconf 87' lang='lat' dir='ltr'>F.</span> <span class='ocrx_word' id='word_1_332' title='bbox 688 4467 724 4540; x_wconf 85' lang='lat'>5.</span> <span class='ocrx_word' id='word_1_333' title='bbox 751 4467 796 4532; x_wconf 77' lang='lat' dir='ltr'>tx.</span> <span class='ocrx_word' id='word_1_334' title='bbox 815 4481 851 4534; x_wconf 89' lang='lat'>11.</span> <span class='ocrx_word' id='word_1_335' title='bbox 869 4485 895 4532; x_wconf 86' lang='lat'>5.</span> <span class='ocrx_word' id='word_1_336' title='bbox 914 4498 940 4532; x_wconf 78' lang='lat' dir='ltr'>n.</span> <span class='ocrx_word' id='word_1_337' title='bbox 960 4483 996 4538; x_wconf 59' lang='lat' dir='ltr'>o.)</span> 
     </span>
     <span class='ocr_line' id='line_1_40' title="bbox 82 4585 1152 4671; baseline 0.001 -24"><span class='ocrx_word' id='word_1_338' title='bbox 82 4587 192 4648; x_wconf 84' lang='lat' dir='ltr'>chari.</span> <span class='ocrx_word' id='word_1_339' title='bbox 217 4605 249 4648; x_wconf 87' lang='lat' dir='ltr'>a.</span> <span class='ocrx_word' id='word_1_340' title='bbox 273 4585 360 4649; x_wconf 88' lang='grc'><strong>1444</strong></span> <span class='ocrx_word' id='word_1_341' title='bbox 381 4591 412 4648; x_wconf 85' lang='lat' dir='ltr'>et</span> <span class='ocrx_word' id='word_1_342' title='bbox 434 4587 521 4650; x_wconf 82' lang='lat'><strong><em>1445</em></strong></span> <span class='ocrx_word' id='word_1_343' title='bbox 528 4587 575 4671; x_wconf 84' lang='lat' dir='ltr'>ff.</span> <span class='ocrx_word' id='word_1_344' title='bbox 598 4588 664 4651; x_wconf 85' lang='lat'>228</span> <span class='ocrx_word' id='word_1_345' title='bbox 684 4605 787 4661; x_wconf 61' lang='lat' dir='ltr'>aum„</span> <span class='ocrx_word' id='word_1_346' title='bbox 810 4588 957 4666; x_wconf 85' lang='grc'>22)(16</span> <span class='ocrx_word' id='word_1_347' title='bbox 979 4606 1042 4648; x_wconf 86' lang='lat' dir='ltr'>cm.</span> <span class='ocrx_word' id='word_1_348' title='bbox 1066 4591 1084 4650; x_wconf 88' lang='lat'><em>1</em></span> <span class='ocrx_word' id='word_1_349' title='bbox 1109 4606 1152 4650; x_wconf 86' lang='lat' dir='ltr'>m.</span> 
     </span>
    </p>
   </div>
   <div class='ocr_carea' id='block_1_11' title="bbox 81 4703 1486 5133">
    <p class='ocr_par' dir='ltr' id='par_1_19' title="bbox 81 4703 1486 5133">
     <span class='ocr_line' id='line_1_41' title="bbox 191 4703 1486 4787; baseline 0.002 -18"><span class='ocrx_word' id='word_1_350' title='bbox 191 4707 213 4768; x_wconf 93' lang='grc'>1.</span> <span class='ocrx_word' id='word_1_351' title='bbox 241 4703 400 4770; x_wconf 71' lang='lat' dir='ltr'>11-192b</span> <span class='ocrx_word' id='word_1_352' title='bbox 433 4707 521 4787; x_wconf 88' lang='lat' dir='ltr'>Mag.</span> <span class='ocrx_word' id='word_1_353' title='bbox 555 4708 708 4771; x_wconf 89' lang='lat' dir='ltr'>Mauritii</span> <span class='ocrx_word' id='word_1_354' title='bbox 740 4709 783 4770; x_wconf 91' lang='lat' dir='ltr'>de</span> <span class='ocrx_word' id='word_1_355' title='bbox 812 4709 1004 4771; x_wconf 87' lang='lat' dir='ltr'>Benessow</span> <span class='ocrx_word' id='word_1_356' title='bbox 1047 4709 1275 4787; x_wconf 87' lang='lat' dir='ltr'>Comportata</span> <span class='ocrx_word' id='word_1_357' title='bbox 1303 4710 1341 4771; x_wconf 90' lang='lat' dir='ltr'>in</span> <span class='ocrx_word' id='word_1_358' title='bbox 1362 4710 1486 4772; x_wconf 87' lang='lat' dir='ltr'>titulos</span> 
     </span>
     <span class='ocr_line' id='line_1_42' title="bbox 81 4794 1482 4875; baseline 0.001 -20"><span class='ocrx_word' id='word_1_359' title='bbox 81 4794 329 4870; x_wconf 85' lang='lat' dir='ltr'>quaestionum</span> <span class='ocrx_word' id='word_1_360' title='bbox 366 4794 524 4857; x_wconf 90' lang='lat' dir='ltr'>Biridani</span> <span class='ocrx_word' id='word_1_361' title='bbox 554 4795 755 4875; x_wconf 85' lang='lat' dir='ltr'>assignatos</span> <span class='ocrx_word' id='word_1_362' title='bbox 785 4801 865 4858; x_wconf 84' lang='lat' dir='ltr'>octo</span> <span class='ocrx_word' id='word_1_363' title='bbox 899 4796 997 4859; x_wconf 89' lang='lat' dir='ltr'>libris</span> <span class='ocrx_word' id='word_1_364' title='bbox 1020 4795 1250 4874; x_wconf 86' lang='lat' dir='ltr'>Physicorum</span> <span class='ocrx_word' id='word_1_365' title='bbox 1273 4796 1482 4860; x_wconf 81' lang='lat' dir='ltr'>Aristotelis.</span> 
     </span>
     <span class='ocr_line' id='line_1_43' title="bbox 84 4879 1485 4962; baseline 0.002 -21"><span class='ocrx_word' id='word_1_366' title='bbox 84 4879 279 4959; x_wconf 85' lang='lat' dir='ltr'>»Reportata</span> <span class='ocrx_word' id='word_1_367' title='bbox 301 4884 333 4942; x_wconf 90' lang='lat' dir='ltr'>in</span> <span class='ocrx_word' id='word_1_368' title='bbox 357 4883 429 4942; x_wconf 91' lang='lat' dir='ltr'>loco</span> <span class='ocrx_word' id='word_1_369' title='bbox 453 4898 554 4960; x_wconf 86' lang='lat' dir='ltr'>supra</span> <span class='ocrx_word' id='word_1_370' title='bbox 576 4884 706 4944; x_wconf 85' lang='lat' dir='ltr'>stubam</span> <span class='ocrx_word' id='word_1_371' title='bbox 737 4882 916 4943; x_wconf 80' lang='lat' dir='ltr'>bursalium</span> <span class='ocrx_word' id='word_1_372' title='bbox 941 4901 998 4962; x_wconf 88' lang='lat' dir='ltr'>per</span> <span class='ocrx_word' id='word_1_373' title='bbox 1019 4882 1265 4946; x_wconf 87' lang='lat' dir='ltr'>Wenoeslaum</span> <span class='ocrx_word' id='word_1_374' title='bbox 1288 4884 1330 4946; x_wconf 91' lang='lat' dir='ltr'>de</span> <span class='ocrx_word' id='word_1_375' title='bbox 1353 4884 1485 4946; x_wconf 89' lang='lat' dir='ltr'>Wrben</span> 
     </span>
     <span class='ocr_line' id='line_1_44' title="bbox 81 4964 1484 5047; baseline 0.004 -21"><span class='ocrx_word' id='word_1_376' title='bbox 81 4967 168 5028; x_wconf 84' lang='lat' dir='ltr'>ad.</span> <span class='ocrx_word' id='word_1_377' title='bbox 195 4964 278 5030; x_wconf 82' lang='lat'>144⁵</span> <span class='ocrx_word' id='word_1_378' title='bbox 312 4971 345 5028; x_wconf 89' lang='lat' dir='ltr'>in</span> <span class='ocrx_word' id='word_1_379' title='bbox 374 4969 458 5047; x_wconf 89' lang='lat' dir='ltr'>vigil.</span> <span class='ocrx_word' id='word_1_380' title='bbox 491 4966 636 5031; x_wconf 88' lang='lat' dir='ltr'>Simonis</span> <span class='ocrx_word' id='word_1_381' title='bbox 667 4975 700 5030; x_wconf 91' lang='lat' dir='ltr'>et</span> <span class='ocrx_word' id='word_1_382' title='bbox 732 4967 844 5030; x_wconf 84' lang='lat' dir='ltr'>lude«</span> <span class='ocrx_word' id='word_1_383' title='bbox 877 4968 980 5042; x_wconf 84' lang='lat' dir='ltr'>(Finis</span> <span class='ocrx_word' id='word_1_384' title='bbox 1012 4971 1065 5032; x_wconf 87' lang='lat' dir='ltr'>hic</span> <span class='ocrx_word' id='word_1_385' title='bbox 1087 4973 1190 5032; x_wconf 86' lang='lat' dir='ltr'>cultro</span> <span class='ocrx_word' id='word_1_386' title='bbox 1213 4972 1335 5046; x_wconf 60' lang='lat' dir='ltr'>laesus</span> <span class='ocrx_word' id='word_1_387' title='bbox 1359 4974 1484 5033; x_wconf 89' lang='lat' dir='ltr'>initium</span> 
     </span>
     <span class='ocr_line' id='line_1_45' title="bbox 81 5054 653 5133; baseline 0.005 -20"><span class='ocrx_word' id='word_1_388' title='bbox 81 5058 192 5132; x_wconf 87' lang='lat' dir='ltr'>operis</span> <span class='ocrx_word' id='word_1_389' title='bbox 215 5054 384 5133; x_wconf 89' lang='lat' dir='ltr'>putredine</span> <span class='ocrx_word' id='word_1_390' title='bbox 407 5054 555 5117; x_wconf 78' lang='lat' dir='ltr'>fricatum</span> <span class='ocrx_word' id='word_1_391' title='bbox 580 5054 653 5133; x_wconf 89' lang='lat' dir='ltr'>est.)</span> 
     </span>
    </p>
   </div>
   <div class='ocr_carea' id='block_1_12' title="bbox 756 5277 805 5328">
    <p class='ocr_par' dir='ltr' id='par_1_20' title="bbox 756 5277 805 5328">
     <span class='ocr_line' id='line_1_46' title="bbox 756 5277 805 5328; baseline 0 0"><span class='ocrx_word' id='word_1_392' title='bbox 756 5277 805 5328; x_wconf 82' lang='grc'>381</span> 
     </span>
    </p>
   </div>
   <div class='ocr_carea' id='block_1_13' title="bbox 0 0 1910 5968">
    <p class='ocr_par' dir='ltr' id='par_1_21' title="bbox 0 0 1910 5968">
     <span class='ocr_line' id='line_1_47' title="bbox 0 0 1910 5968; baseline 0 4"><span class='ocrx_word' id='word_1_393' title='bbox 0 0 1910 5968; x_wconf 95' lang='lat' dir='ltr'> </span> 
     </span>
    </p>
   </div>
  </div>
 </body>
</html>
