3890 5970
1495 555 1544 607 XV

133 766 290 846 Decalogl
312 766 381 830 Joa.
405 766 561 847 Vicleph‹
587 767 650 829 hoc
674 765 757 828 falso
778 768 869 828 titulo
886 769 1052 828 instruxit:
1079 766 1210 830 ›Jacobl
1227 767 1266 828 de
1284 766 1370 828 Misa
1385 765 1544 829 Defensio

133 873 202 934 libri
226 872 428 950 dialogorum
451 869 520 932 Joa.
544 868 734 948 Wiclephi.‹
762 868 848 950 Quin
871 875 967 932 etiam
991 874 1023 933 in
1047 870 1160 932 codice
1180 869 1262 933 1805
1285 869 1337 944 (X.
1358 873 1395 932 A.
1414 870 1445 944 2,
1461 878 1537 933 ante

133 975 171 1036 Y.
194 976 229 1039 ll.
253 977 283 1037 4.
308 993 338 1037 n.
363 973 407 1052 2.)
444 974 632 1036 ›Albertum
655 972 756 1035 lilium
781 973 975 1036 Rolrizanis‹
1003 973 1039 1050 (l)
1063 979 1193 1048 invenit,
1229 990 1431 1054 quamquam
1454 978 1535 1036 anti-

135 1096 222 1160 quus
238 1080 408 1158 catalogus
426 1083 512 1140 recte
528 1081 618 1156 ponit
637 1076 852 1141 ‘Renconisc
871 1077 959 1139 Licet
973 1084 1084 1140 autem
1101 1077 1386 1140 Zimmermannus
1404 1081 1542 1140 monstri

135 1185 318 1244 simillimus
341 1181 444 1243 luisse
466 1182 623 1254 videatur,
648 1186 757 1244 tamen
780 1195 847 1244 non
863 1185 970 1244 ausim
994 1189 1041 1244 tot
1063 1188 1095 1244 et
1110 1189 1272 1245 tantarum
1289 1183 1539 1256 mutilationum,

136 1301 222 1367 quae
246 1291 279 1348 in
302 1287 472 1348 codicibus
495 1289 616 1346 nostris
640 1291 822 1360 occurrunt,
846 1303 921 1348 eum
945 1289 1142 1360 insimulare,
1174 1293 1377 1365 quantopere
1403 1285 1542 1346 Hanslik

137 1393 169 1471 (l.
194 1407 221 1453 c.
249 1391 322 1470 123)
355 1391 563 1464 insimulavit,
586 1405 661 1451 cum
685 1390 763 1451 mihi
786 1395 1004 1469 persuaserim
1037 1390 1222 1468 complures
1246 1391 1378 1452 codices
1395 1395 1541 1469 tempore

136 1497 239 1557 multo
262 1497 439 1557 vetustiore
462 1499 494 1555 et
516 1498 641 1572 passim
665 1509 705 1555 eo
729 1494 865 1556 consilio
889 1497 1055 1556 mutilatos
1079 1511 1167 1570 esse,
1191 1500 1227 1556 ut
1248 1495 1402 1573 incogniti
1419 1511 1439 1554 a
1456 1493 1543 1556 iuro·

137 1601 227 1662 ribus
250 1598 499 1661 vindicarentur.
533 1595 598 1660 Sed
622 1603 788 1677 utcunque
812 1615 849 1659 se
872 1614 925 1658 res
947 1599 1055 1666 habet.
1079 1597 1112 1660 id
1135 1605 1258 1659 certum
1282 1605 1342 1672 est,
1376 1603 1403 1660 si
1427 1597 1545 1660 Scher-

137 1705 275 1766 schnilrii
291 1704 475 1782 catalogum
491 1707 742 1781 comparaveris,
767 1702 1067 1764 Zimmermannum
1083 1705 1115 1763 in
1132 1702 1357 1764 describendis
1373 1702 1544 1764 codicibus

137 1823 252 1887 parum
283 1805 472 1886 proiecisse,
507 1811 647 1870 utsane
670 1808 794 1867 mireris
818 1808 889 1865 eius
913 1807 1097 1884 catalogum
1120 1809 1195 1866 usui
1218 1814 1250 1866 et
1272 1804 1459 1868 officialium
1492 1806 1539 1867 bi-

137 1911 319 1975 bliothecae
342 1917 374 1972 et
396 1914 538 1972 virorum
562 1911 771 1971 litteratorum
795 1911 953 1987 tantisper
974 1912 1162 1970 inservisse.

245 2067 399 2129 Attamen
421 2067 454 2127 hi
477 2070 612 2145 utrique,
636 2073 672 2128 ut
693 2066 746 2126 hic
769 2067 938 2144 catalogus
962 2065 1077 2127 saltem
1100 2067 1266 2146 exaliqua
1290 2072 1379 2144 parte
1403 2068 1542 2142 corrige-

137 2181 225 2235 retur
246 2177 278 2233 et
301 2171 513 2250 suppleretur,
536 2172 588 2231 alii
611 2172 701 2231 aliter
723 2170 919 2249 procedente
942 2175 1088 2248 tempore
1119 2185 1252 2248 operam
1287 2169 1417 2231 dabant.
1458 2168 1543 2233 Cum

135 2281 200 2338 iem
224 2275 363 2338 Hanslilr
385 2279 418 2336 in
440 2275 520 2336 libro
544 2291 606 2336 suo
630 2275 815 2352 complures
839 2274 971 2335 codices
995 2276 1204 2354 pretiosiores
1235 2274 1475 2352 descripsisset,
1496 2275 1546 2333 vir

137 2382 367 2443 celeberrimus
391 2377 424 2440 P.
447 2377 475 2439 J.
499 2357 636 2455 Saiaiilr,
660 2378 873 2440 bibliothecae
897 2377 1092 2456 praelectus
1115 2379 1276 2456 opuscula
1292 2378 1443 2439 codicum
1461 2377 1543 2439 mis-

137 2486 355 2547 cellaneorum
371 2483 508 2560 catalogi
525 2479 832 2543 Zimmennanniani
849 2481 1065 2543 exscribenda
1082 2486 1114 2542 et
1128 2481 1312 2543 secundum
1329 2482 1538 2560 alphabetum

137 2588 320 2650 ordinanda
354 2591 485 2658 curavit,
520 2589 574 2664 qui
598 2587 766 2664 catalogus
790 2586 957 2647 schedulis
981 2591 1156 2646 contextus
1179 2585 1288 2647 adhuc
1312 2591 1430 2647 exstat.
1476 2583 1541 2647 Cui

137 2695 302 2754 successit
325 2696 480 2752 strenuus
502 2693 551 2750 vir
572 2688 598 2749 J.
622 2683 750 2765 Hanus,
782 2693 836 2768 qui
860 2691 1037 2768 permultas
1059 2689 1202 2751 schedas
1234 2689 1448 2768 descriptivas
1472 2705 1543 2751 cor-

136 2802 219 2858 rexit
241 2802 273 2857 et
295 2797 466 2874 supplevit,
504 2798 536 2856 in
559 2794 729 2856 codicibus
751 2795 870 2870 latinis,
906 2794 994 2873 quod
1018 2795 1112 2854 valde
1136 2794 1314 2856 dolendum
1338 2798 1398 2866 est,
1434 2796 1543 2871 peiore

140 2918 224 2962 usus
247 2899 378 2962 fortuna
403 2915 502 2978 quam
525 2902 558 2960 in
581 2899 771 2961 bohemicis.
817 2896 862 2960 Ut
884 2897 926 2959 ad
950 2905 1124 2960 extraneos
1159 2903 1334 2971 transeam,
1370 2898 1539 2957 clarissimi

136 3007 289 3066 historiae
320 3007 518 3065 scrutatores
543 3001 634 3063 Pertz
665 3007 696 3063 et
718 3000 937 3062 Wattenbach
968 3005 1032 3062 iam
1063 3019 1092 3062 a.
1121 3000 1289 3064 1847-49
1321 3005 1355 3062 in
1378 3001 1498 3061 Archiv
1521 2999 1543 3060 i.

137 3111 189 3169 alt.
214 3107 373 3170 deutsche
397 3104 518 3168 Gesch.
542 3105 595 3177 IX,
619 3104 792 3166 469-472
816 3112 848 3167 et
870 3104 909 3179 X,
933 3103 996 3166 657
1003 3104 1107 3167 -670
1129 3106 1263 3167 codices
1287 3110 1431 3178 nostros,
1457 3120 1543 3184 quos

138 3213 179 3273 ad
202 3215 370 3273 historiam
407 3216 554 3288 spectare
578 3214 609 3271 in
634 3209 888 3272 Zimmermanni
921 3211 1070 3285 catalogo
1106 3191 1336 3282 offenderant,
1357 3211 1544 3270 accuratius

138 3317 393 3394 descripserunt.
417 3313 484 3378 Sed
507 3322 539 3377 et
561 3318 754 3376 nostratium
778 3314 961 3392 diligentiae
985 3320 1016 3375 et
1032 3313 1144 3376 studio
1169 3314 1342 3392 plurimum
1369 3312 1542 3373 debemus.

138 3419 196 3480 Vir
218 3421 380 3480 maximae
403 3418 581 3480 industriae
598 3417 634 3481 C.
650 3417 764 3479 Hiiller
786 3433 852 3479 non
877 3419 984 3479 solum
1000 3421 1032 3479 in
1057 3419 1210 3496 operibus
1234 3423 1304 3479 suis
1328 3415 1488 3497 (inprimis
1511 3417 1544 3476 in

141 3523 360 3603 Scriptoribus
385 3541 443 3584 rer.
468 3523 570 3584 husis.
596 3528 627 3583 et
649 3521 848 3585 inConciliis
872 3521 1104 3602 Pragensibus)
1132 3524 1253 3585 multos
1276 3521 1408 3584 codices
1433 3537 1544 3581 excer-

141 3631 216 3706 psit,
241 3627 422 3688 sedetiam
446 3631 477 3688 in
500 3632 608 3688 vetere
632 3628 781 3704 catalogo
804 3630 877 3705 ipso
900 3627 1086 3704 complures
1111 3627 1219 3688 titulos
1243 3626 1446 3697 emendavit;
1478 3623 1545 3684 duo

141 3737 251 3798 autem
274 3732 326 3792 alii
349 3734 567 3792 universitatis
591 3731 764 3809 Pragensis
788 3730 994 3810 professores
1025 3731 1217 3809 dignissimi,
1247 3730 1331 3792 Frid.
1356 3727 1490 3792 Schulte
1514 3733 1545 3788 et

140 3835 213 3898 Joh.
237 3834 336 3909 Kelle,
371 3835 504 3897 codices
538 3834 701 3915 quosdam
736 3841 868 3898 nostros
903 3835 1121 3914 singularibus
1155 3835 1398 3906 commentariis
1428 3851 1448 3894 a
1478 3849 1545 3910 reg.

142 3937 262 4002 Societ.
286 3941 399 4000 scient.
423 3937 601 3999 Bohemlca
624 3938 717 4000 editis
740 3943 985 4000 accuratissime
1016 3939 1268 4018 descripserunt,
1307 3941 1387 4000 alter
1412 3939 1545 3999 codices

141 4043 184 4104 ad
207 4047 259 4104 ius
282 4043 478 4105 canonicum
502 4049 689 4122 spectantes
713 4041 808 4118 (»Die
832 4043 1098 4105 canonistischen
1122 4039 1376 4105 Handschrilten
1393 4047 1426 4104 in
1444 4043 1541 4120 prag«

142 4166 171 4210 a.
199 4147 305 4222 1868),
335 4148 415 4209 alter
443 4147 575 4208 codices
606 4151 798 4226 scriptorum
830 4151 902 4208 aevi
930 4151 1053 4226 antiqui
1083 4145 1179 4221 (»Die
1203 4145 1409 4208 lrlassischen
1433 4145 1548 4208 Hand·

143 4252 295 4314 schriiten
325 4253 377 4312 bis
400 4250 518 4313 heraul
547 4268 623 4312 zum
658 4251 868 4312 vierzehnten
904 4249 1141 4312 Jahrhundert«
1166 4267 1194 4312 a.
1224 4250 1330 4320 1872).
1377 4249 1547 4312 Praeterea

143 4356 284 4418 eundem
308 4359 413 4416 virum
437 4356 665 4418 doctissimum
689 4355 716 4417 J.
740 4353 840 4430 Kelle,
871 4357 965 4416 cuius
996 4353 1178 4434 diligentiae
1210 4354 1404 4417 bibliotheca
1433 4359 1548 4414 nostra

144 4464 239 4522 etiam
265 4459 392 4520 tabulas
414 4461 629 4520 vetustiorum
661 4459 811 4520 codicum
842 4463 1102 4538 germanicorum
1126 4463 1157 4520 in
1182 4457 1325 4537 Serapeo
1347 4457 1409 4520 XX
1432 4455 1544 4535 (1859)

143 4569 297 4643 acceptas
321 4563 425 4637 refert,
449 4567 481 4624 in
505 4563 653 4625 eiusdem
677 4561 895 4642 ephemeridis
919 4567 1017 4624 tomis
1041 4559 1233 4626 ΧΧ-ΧΧΙΙ
1255 4567 1298 4638 (a.
1320 4560 1546 4642 1859-1861)

144 4669 330 4746 complures
354 4667 486 4728 codices
509 4667 636 4740 latinos
672 4668 791 4748 quibus
825 4670 1024 4746 interspersa
1046 4673 1123 4728 sunt
1157 4667 1317 4746 opuscula
1348 4670 1545 4745 germanica,

145 4775 337 4835 excussisse
361 4773 492 4832 minime
516 4771 746 4850 negligendum
770 4777 858 4850 puto.

252 4925 320 4990 Sed
343 4931 494 5008 quamvis
517 4931 605 4988 omni
629 4927 725 4988 laude
748 4927 836 5005 digni
849 4931 914 4988 sint
924 4931 991 5000 viri,
1005 4931 1061 5006 qui
1084 4927 1221 5005 singulis
1236 4926 1406 4988 codicibus
1424 4931 1547 4988 nostris

145 5033 330 5092 accuratius
365 5031 587 5092 describendis
622 5046 754 5109 operam
789 5030 945 5105 dederint,
983 5037 1092 5092 tamen
1126 5031 1169 5107 id,
1204 5031 1293 5109 quod
1316 5033 1381 5092 iam
1407 5028 1547 5092 Hanslilr
