3844 5968
827 585 891 647 224

258 800 279 861 i.
304 798 476 860 237-416
498 797 687 862 Sermones
711 794 842 856 diversi
864 792 1052 854 maximam
1074 796 1208 870 partem
1232 793 1274 851 de
1298 790 1328 850 b.
1352 787 1462 850 Maria
1484 789 1555 851 vir-

154 887 244 966 gine,
268 902 407 965 quorum
431 901 518 947 unus
541 888 573 945 in
597 882 617 942 1.
650 882 731 943 372⁸
763 883 849 942 hunc
885 880 984 941 habet
1017 877 1133 938 finem:
1184 877 1339 955 »Explicit
1369 891 1478 936 sermo
1514 877 1554 937 de

153 978 373 1052 concepcione
395 972 474 1051 glor.
498 974 577 1048 virg.
601 986 658 1048 per
681 985 733 1029 me
757 967 905 1030 Crucem
928 966 970 1028 de
992 964 1091 1027 Telcz
1115 963 1151 1025 in
1173 964 1285 1026 Plana
1307 979 1337 1024 a.
1357 959 1468 1022 1472·
1495 961 1554 1024 His

154 1061 362 1122 sermonibus
385 1063 506 1120 inserta
528 1063 599 1118 est:

257 1163 277 1224 1.
301 1161 364 1224 377
388 1161 488 1224 Bulla
510 1162 553 1223 de
577 1157 805 1237 conceptione
830 1158 860 1218 b.
876 1155 1024 1234 virginis
1041 1154 1169 1234 synodi
1185 1153 1394 1216 Basiliensis
1410 1170 1439 1214 a.
1460 1151 1553 1216 1439.

150 1261 240 1317 tcum
265 1255 343 1311 nota
366 1247 481 1312 Crucis
505 1247 535 1308 d.
559 1245 617 1308 T.:
656 1245 724 1307 »De
758 1244 904 1322 originali
926 1244 1012 1304 bulla
1035 1259 1172 1321 presens
1195 1246 1290 1320 copia
1312 1246 1363 1302 est
1386 1245 1551 1319 scripta‹).

256 1356 358 1412 Codex
383 1372 419 1411 ex
443 1354 513 1412 bibl.
538 1353 756 1423 Rosenbergica
793 1352 822 1407 in
847 1357 974 1406 monast.
998 1348 1185 1405 Tiebonense
1208 1356 1235 1403 et
1259 1348 1326 1403 inde
1350 1350 1387 1403 ad
1410 1364 1465 1404 nos
1488 1363 1552 1420 per·

150 1445 239 1501 venit.

254 1609 335 1691 223
773 1606 800 1681 I.
829 1607 871 1682 E.
899 1605 961 1680 38.

146 1753 258 1812 citari.
282 1769 315 1812 a.
339 1749 435 1819 1459,
448 1746 585 1827 fs.370‚
608 1747 753 1810 22><15
773 1765 835 1809 cm.
861 1763 966 1807 anana
995 1743 1151 1807 Udalrr'ci
1174 1741 1294 1807 Crucis
1309 1745 1349 1807 de
1365 1743 1455 1806 Telcc
1470 1763 1550 1808 exa-

147 1841 259 1899 ratus.

251 1956 426 2020 Johannis
444 1955 606 2018 Versoris
630 1959 772 2033 magistri
797 1954 989 2016 Parisiensis
1012 1953 1196 2032 Expositio
1218 1954 1423 2018 Aristotelis
1445 1955 1549 2018 libro·

145 2062 226 2106 rum
249 2043 492 2124 philosophiae
516 2041 685 2103 naturalis
709 2041 948 2121 (Physicorum.
972 2041 1020 2101 De
1044 2042 1136 2102 coelo
1160 2043 1348 2116 ermundo,
1381 2041 1429 2102 De
1451 2060 1548 2121 gene·

146 2137 271 2192 ratione
296 2137 327 2192 et
350 2134 564 2208 corruptione,
600 2128 744 2202 Meteon,
777 2127 824 2188 De
858 2133 968 2189 anima
991 2135 1022 2188 et
1045 2128 1200 2188 nonnuli.
1235 2145 1424 2206 parvorum
1446 2135 1548 2192 natu·

144 2217 300 2292 ratium).

256 2321 276 2382 1.
301 2321 382 2382 365·
409 2321 467 2381 »Et
489 2323 521 2381 in
545 2321 608 2380 hoc
633 2323 822 2380 terminatur
844 2323 1012 2397 exposicio
1048 2319 1179 2396 phitsic)
1215 2321 1369 2381 naturalis
1404 2322 1546 2400 philoso-

145 2411 219 2487 phie
245 2409 331 2470 edita
354 2411 584 2486 questionatim
609 2424 665 2485 per
687 2403 729 2466 M.
755 2405 938 2466 Johannem
963 2405 1083 2466 dictum
1107 2404 1230 2466 Versor
1252 2409 1284 2468 in
1319 2406 1427 2468 studio
1462 2410 1546 2470 alme

144 2499 366 2556 universitatis
389 2494 590 2567 ParisiensiS,
625 2494 785 2570 allataque
808 2509 866 2570 per
887 2490 972 2570 Mag.
997 2489 1231 2554 Wenceslaum
1256 2494 1297 2554 de
1319 2492 1454 2568 Wrben,
1489 2496 1546 2556 ad·

144 2585 208 2644 huc
234 2599 274 2642 eo
299 2589 435 2660 protunc
459 2581 673 2641 baccalaureo
697 2583 867 2652 existente,
891 2577 983 2639 finita
1006 2595 1062 2656 per
1084 2577 1233 2640 Crucem
1269 2582 1310 2642 de
1344 2579 1444 2643 Telcz
1477 2588 1545 2643 stu-

142 2670 276 2730 dentem
301 2673 333 2730 111
356 2669 491 2744 collegio
516 2671 600 2744 regis
634 2664 822 2726 Wenceslai
857 2665 912 2726 ier.
948 2663 999 2725 llll
1023 2669 1054 2724 in
1077 2668 1215 2726 vinculis
1239 2683 1265 2726 s.
1290 2666 1372 2728 Petri
1395 2687 1423 2728 a.
1451 2667 1544 2734 1459.

248 2771 269 2834 1.
293 2766 499 2832 3659-3701
524 2769 716 2847 Registrum.
746 2768 851 2830 »Finis
876 2769 1038 2830 titulorum
1073 2775 1104 2829 et
1138 2775 1347 2848 questionum
1371 2771 1442 2833 Joh.
1466 2771 1544 2834 Ver-

142 2863 228 2918 soris
252 2875 352 2936 super
374 2858 473 2918 libros
497 2857 680 2917 Aristotelis
704 2857 858 2916 naturalis
875 2856 1080 2935 philosophie
1103 2861 1135 2916 et
1158 2873 1333 2935 parvorum
1349 2861 1542 2921 naturalium

141 2963 197 3022 per
221 2961 275 3006 me
299 2944 429 3005 iratrem
454 2943 593 3005 Crucem
618 2943 657 3002 de
681 2941 781 3004 Telcz
804 2947 835 3003 in
860 2946 1060 3004 monasterio
1082 2941 1308 3005 Trzebonensi
1339 2946 1402 3006 sub
1425 2947 1542 3008 abbate

140 3029 264 3104 Marco
305 3035 408 3108 priore
431 3029 580 3090 Johanne
605 3030 645 3089 de
668 3027 806 3090 Tisnow
829 3047 857 3090 a.
883 3030 915 3090 d.
943 3028 1024 3090 1495
1048 3033 1079 3088 in
1103 3028 1153 3089 die
1189 3030 1419 3093 Panthaleonis
1442 3037 1473 3094 in
1498 3038 1542 3094 vi-

138 3121 216 3195 gilia
240 3117 394 3179 Marthe.·

245 3223 290 3280 Ex
313 3224 581 3295 subscriptionibus
605 3224 788 3294 singulorum
812 3225 1008 3294 expositionis
1032 3225 1170 3278 librorum
1202 3231 1280 3294 patet
1303 3228 1429 3282 scribam
1447 3233 1541 3284 totum

139 3315 272 3367 codicem
296 3312 418 3367 dimidio
442 3326 521 3365 anno
549 3309 629 3365 1459
654 3325 802 3366 exarasse.
827 3309 873 3365 Ad
897 3323 1011 3365 asseres
1034 3310 1163 3380 adligata
1185 3317 1255 3366 sunt
1275 3312 1436 3382 fragmenta
1451 3329 1541 3371 mem·

138 3399 222 3456 bran.
248 3400 401 3454 cuiusdam
425 3397 537 3452 codicis
561 3397 688 3452 hebraici
712 3394 1003 3453 saec.X1fl-XIV.
1027 3395 1102 3452 Cum
1125 3397 1258 3468 superior
1279 3415 1347 3469 pars
1369 3400 1432 3456 folii
1456 3403 1540 3474 primi

137 3485 278 3540 consulto
302 3486 339 3539 sit
363 3486 507 3553 abscissa,
531 3498 740 3555 possessorum
762 3490 832 3539 nota
856 3486 977 3539 omnino
1000 3485 1091 3552 deest,
1122 3486 1175 3538 sed
1198 3486 1325 3541 dubitari
1350 3502 1409 3544 non
1432 3495 1540 3561 potest,

137 3575 211 3642 quin
239 3573 334 3627 codex
358 3571 527 3626 monasterii
550 3569 747 3625 Tiebonensis
770 3570 863 3625 fuerit.

245 3772 329 3852 224
754 3773 784 3848 I.
812 3772 854 3847 E.
881 3773 941 3847 39.

135 3915 247 3975 clurrt.
270 3929 358 3973 saec.
382 3909 450 3972 XV
465 3911 506 3992 ff.
530 3913 594 3974 327
617 3931 723 3987 num„
745 3913 888 3976 22)(16
909 3932 972 3975 cnr.
996 3915 1027 3975 d.
1051 3933 1096 3975 m.

244 4032 262 4094 i.
292 4029 427 4094 1⁸-40b
462 4034 653 4095 Alexandri
700 4033 768 4095 irat.
804 4036 872 4097 ord.
919 4052 1016 4097 erem.
1057 4053 1083 4097 e.
1123 4038 1216 4115 Aug,
1256 4046 1372 4117 postea
1402 4043 1538 4106 abbatis

135 4119 402 4182 Cantuariensis
425 4119 644 4182 Tractatulus
668 4121 710 4182 de
733 4126 908 4199 potestate
931 4122 1180 4185 ecclesiastica.
1218 4125 1307 4187 »Hoc
1331 4133 1382 4188 est
1405 4146 1537 4204 nomen,

134 4208 226 4288 quod
250 4208 416 4267 vocabunt
439 4224 533 4267 eum<
560 4209 594 4265 ><
619 4207 726 4269 »Finis
768 4213 856 4270 tercii
890 4215 1046 4271 tractatus
1070 4211 1110 4270 de
1134 4212 1210 4272 eccl.
1236 4219 1301 4290 pot.
1326 4213 1433 4276 editus
1457 4234 1477 4276 a
1500 4216 1514 4277 1
1530 4269 1535 4278 .

136 4296 172 4355 A.
199 4309 294 4354 sacre
318 4298 433 4371 pagine
457 4294 643 4372 professore
667 4295 751 4356 fratr.
776 4297 896 4357 herem.
925 4312 951 4358 s,
976 4297 1178 4375 Augustini«

241 4414 261 4475 i.
285 4411 448 4474 411-571
485 4413 669 4477 Tractatus
693 4422 816 4478 contra
850 4417 1048 4480 haereticos
1089 4424 1125 4481 et
1165 4418 1413 4486 schismaticos
1444 4423 1537 4503 (pau-

135 4519 232 4579 peres
276 4501 315 4560 de
362 4500 547 4580 Lugduno).
606 4501 722 4563 »Fides
767 4505 927 4565 catholica
971 4504 1219 4568 tundamentum
1266 4513 1334 4569 est«
1375 4511 1408 4566 ><
1454 4511 1535 4574 »Ex-

135 4591 222 4666 plicit
245 4593 400 4648 tractatus
424 4595 537 4649 contra
560 4590 720 4651 hereticos
744 4596 776 4651 et
799 4595 1004 4653 scismaticos
1028 4598 1059 4652 et
1081 4591 1192 4655 finitus
1228 4613 1256 4656 a.
1293 4594 1322 4656 d.
1358 4599 1535 4674 (scissura)

134 4673 202 4736 llll
227 4675 279 4734 die
302 4678 427 4734 mensis
453 4672 675 4736 Novembris«

239 4776 259 4838 1.
283 4772 445 4837 581-629
469 4783 644 4853 (anepigr.:)
667 4779 849 4842 'tractatus
874 4783 915 4842 de
949 4799 1118 4861 processu
1153 4786 1280 4849 iudicii.
1330 4787 1534 4867 »Antequam

133 4864 174 4922 de
199 4879 357 4942 processu
382 4864 487 4924 iudicii
512 4866 653 4927 dicatur«
680 4869 712 4924 ><
740 4873 789 4927 »et
812 4872 949 4946 corrigat
973 4877 1172 4934 sentenciam
1190 4891 1239 4933 vet
1264 4873 1412 4936 infirmet.
1437 4873 1478 4937 Et
1494 4877 1534 4938 de

133 4950 374 5108 ἓίίῖὲὸᾝὶῑῗυε
397 4950 483 5012 dicta
506 4951 700 5016 sufiiciunt«
740 4951 859 5026 (Tract.
896 4956 947 5016 hic
982 4958 1055 5018 alibi
1089 4958 1229 5020 iohanni
1264 4960 1415 5021 Andreae
1451 4960 1535 5023 laiso

817 5263 850 5314 8?
