3890 5970
1523 587 1570 639 ‘xl

169 804 260 866 dices
283 806 317 865 in
340 819 464 864 novum
488 802 634 864 ordinem
667 803 833 881 redegisse
869 799 1055 880 Leopoldus
1089 797 1310 862 Scherschnik
1344 799 1480 874 videtur,
1515 801 1570 879 qui

168 907 207 974 C.
229 906 275 970 M.
300 905 449 980 Charuel,
482 904 515 970 S.
550 905 577 967 J.
610 906 779 984 quondam
814 904 1102 977 bibliothecarium,
1134 911 1250 982 postea
1283 907 1424 982 primum
1457 902 1570 966 biblio·

169 1012 285 1075 thecae
308 1010 456 1090 publicae
480 1009 690 1089 praelectum,
714 1009 789 1072 inde
805 1009 847 1071 ab
870 1027 899 1074 a.
920 1007 1003 1069 1774
1018 1011 1050 1070 in
1067 1007 1165 1068 rebus
1188 1006 1324 1084 agendis
1341 1003 1570 1086 adiuvabat),

169 1131 371 1196 quamquam
393 1118 460 1178 veri
484 1115 682 1178 simillimum
706 1119 757 1177 est
779 1113 921 1176 eundern
944 1117 1009 1174 iam
1024 1117 1122 1176 antea
1136 1112 1364 1175 historicorum
1388 1111 1570 1176 studiorum

168 1235 273 1282 causa
295 1223 328 1281 in
351 1219 546 1281 bibliotheca
569 1216 771 1281 Clementina
794 1216 965 1280 codicibus
995 1215 1191 1294 indagandis
1214 1231 1347 1294 operam
1371 1214 1514 1288 dedisse,
1538 1215 1569 1278 id

169 1323 260 1401 quod
283 1323 354 1402 ipse
385 1319 562 1402 Dobner¹¹)
592 1322 643 1383 his
677 1322 786 1383 verbis
821 1327 974 1384 testatur:
1023 1317 1262 1382 »Scherschnik
1293 1317 1441 1382 omnium
1471 1335 1572 1382 manu

170 1431 363 1506 scriptorum
397 1428 611 1488 bibliothecae
642 1426 863 1490 Clementinae
902 1430 1090 1490 accuratum
1126 1423 1311 1503 catalogum
1345 1425 1568 1502 conscripsit«
1604 1487 1609 1498 ,

171 1528 427 1594 Scherschnikio
450 1535 555 1610 igitur,
579 1547 779 1614 quamquam
795 1534 860 1593 iam
884 1548 912 1594 a.
933 1529 1015 1591 1776
1031 1529 1134 1609 Praga
1149 1529 1235 1600 abiit,
1260 1525 1398 1590 debetur
1419 1527 1571 1592 codicum

170 1651 271 1697 manu
305 1639 499 1714 scriptorum
523 1637 702 1714 catalogus,
737 1639 831 1698 cuius
854 1635 1022 1714 exemplar
1049 1652 1078 1697 a.
1114 1633 1190 1698 1781
1230 1634 1428 1716 descriptum
1463 1631 1571 1694 adhuc

170 1743 289 1802 exstat.
312 1739 347 1802 In
371 1743 453 1800 sen'e
488 1744 559 1800 eius
593 1743 718 1818 passim
753 1740 874 1802 desunt
907 1743 1092 1818 signaturae
1130 1743 1318 1820 spectantes
1352 1737 1395 1800 ad
1429 1735 1571 1809 codices,

170 1857 257 1921 quos
280 1846 344 1906 iam
369 1842 517 1904 librarius
541 1859 607 1906 non
632 1847 779 1924 repperit,
804 1845 955 1922 quamvis
978 1847 1076 1905 etiam
1099 1842 1251 1906 socordia
1273 1842 1421 1905 eiusden
1445 1844 1571 1919 passim

169 1951 337 2025 appareat.
383 1945 414 2008 ls
437 1947 613 2025 aliquando
635 1951 702 2008 veri
734 1953 840 2010 status
870 1951 1042 2010 immemor
1076 1947 1184 2010 titulos
1216 1946 1369 2008 codicum
1399 1944 1571 2035 scribebat,

169 2065 257 2129 quos
281 2066 357 2112 cum
381 2057 499 2130 postea
520 2067 588 2112 non
611 2054 777 2124 inveniret,
810 2057 888 2114 nota
925 2051 1055 2114 ›deest‹
1092 2049 1290 2124 instruebat;
1325 2050 1386 2112 sed
1420 2065 1571 2114 nonnun-

170 2169 270 2234 quam
295 2171 352 2233 per
374 2149 571 2234 erroremY).
595 2153 773 2219 Socordiae
796 2156 912 2230 tribuo,
936 2155 1121 2236 siquando
1145 2158 1346 2234 signaturam
1369 2157 1480 2233 posuit
1502 2156 1573 2218 sine

169 2259 261 2320 titulo
284 2259 336 2319 vel
359 2259 603 2338 signaturamm
626 2258 773 2321 ordinem
798 2263 1002 2339 permutavit.
1026 2259 1061 2322 ln
1084 2258 1230 2340 partibus
1253 2257 1352 2322 huius
1375 2258 1512 2336 catalogi
1535 2255 1572 2319 Y.

172 2361 222 2424 111.
257 2361 279 2423 6
312 2368 345 2424 et
377 2361 413 2426 ll.
445 2362 464 2423 7
496 2367 605 2438 (etiam
644 2363 708 2425 hoc
747 2363 1072 2444 hysteron-proteron
1110 2378 1344 2441 praeproperae
1377 2361 1574 2424 festinationi

170 2465 338 2540 adscribo)
360 2468 546 2546 complures
584 2469 770 2545 signaturae
794 2484 870 2529 cum
905 2469 1003 2530 titulis
1040 2469 1167 2530 calamo
1201 2467 1353 2529 inductae
1387 2470 1571 2539 occununt,

171 2573 227 2650 qui
251 2569 318 2630 iibri
342 2570 487 2648 prolecto
510 2571 621 2632 nobis·
639 2572 769 2643 desunt,
803 2588 878 2633 curn
912 2572 955 2633 ab
988 2576 1069 2651 ipsis
1104 2570 1237 2634 Jesuitts
1270 2573 1573 2633 commissariorum

171 2678 336 2752 permissu
366 2677 530 2738 combusti
567 2671 684 2751 sint²³).
731 2674 889 2756 Catalogo
926 2677 1001 2739 huic
1039 2676 1150 2738 addita
1187 2682 1238 2738 est
1271 2679 1373 2736 series
1407 2673 1571 2736 titulorum

170 2779 375 2858 alphabetica
397 2780 559 2842 mendosa
582 2786 615 2842 et
636 2785 768 2843 minime
792 2783 926 2860 integra.

275 2934 329 2997 Ad
351 2936 483 2998 codices
507 2951 608 3000 manu
642 2940 781 3016 scriptos
815 2942 997 2999 ceterorum
1031 2933 1066 2999 S.
1096 2935 1124 2998 J.
1158 2937 1367 3016 collegiorum
1400 2935 1571 3013 catalogus

173 3039 317 3101 hicnon
342 3047 478 3119 spectat,
512 3041 760 3121 comprehendit
792 3047 901 3106 autem
935 3039 1069 3104 codices
1103 3041 1317 3106 bibliothecae
1351 3037 1572 3104 Clementinae

172 3146 318 3218 minoris,
349 3148 382 3207 in
413 3162 479 3226 qua
512 3152 723 3207 asseverante
758 3145 928 3207 Hanslikio
963 3145 1033 3207 libri
1064 3149 1183 3222 veten's
1218 3143 1343 3224 collegii
1377 3141 1518 3208 Carolini
1542 3147 1574 3202 et

171 3251 360 3310 monasterii
384 3246 573 3328 Ojvinensis
597 3251 673 3312 olim
697 3251 961 3314 asservabantur.
997 3249 1074 3314 ldeo
1105 3250 1216 3313 titulus
1251 3249 1331 3312 libro
1354 3265 1384 3310 a.
1413 3245 1489 3312 1781
1526 3250 1573 3309 in-

171 3355 314 3429 scriptus
337 3368 404 3414 non
428 3353 536 3415 iustus
560 3360 627 3427 est;
662 3371 739 3418 nam
764 3361 833 3416 tum
857 3353 1053 3416 bibliotheca
1075 3359 1188 3416 nostra
1211 3353 1319 3433 plures
1350 3351 1483 3414 codices
1514 3351 1574 3413 ha-

171 3456 279 3528 bebat,
304 3472 403 3534 quam
427 3457 469 3518 ibi
492 3457 730 3520 describuntur.
776 3456 873 3540 Quod
897 3458 961 3520 hoc
984 3458 1084 3520 modo
1116 3456 1345 3537 explicandum
1376 3471 1452 3517 esse
1483 3460 1573 3535 puto.

171 3557 256 3621 Cum
287 3563 321 3621 ln
359 3561 562 3623 bibliothecis
601 3566 781 3624 ceterorum
812 3558 845 3624 S.
878 3560 905 3625 J.
936 3562 1144 3642 collegiorum
1175 3567 1207 3622 et
1236 3565 1269 3624 ln
1299 3577 1386 3625 nova
1423 3557 1574 3624 Carolina

172 3667 268 3742 pauci
291 3664 361 3726 libri
384 3681 484 3728 manu
508 3669 616 3745 scripti
641 3666 728 3728 libris
752 3669 886 3729 excusis
909 3669 1082 3728 intermixti
1097 3669 1255 3742 inessent,
1279 3663 1435 3728 officiales
1459 3663 1573 3725 biblio-

171 3767 287 3829 thecae
310 3767 459 3846 publicae
481 3786 586 3848 nuper
607 3774 806 3833 instauratae
828 3787 858 3834 a.
886 3769 963 3832 1781
997 3770 1030 3832 hi
1053 3770 1186 3834 codices
1209 3771 1364 3848 incogniti
1386 3768 1574 3848 aliquantis·

172 3887 231 3950 per
260 3869 422 3944 latebant;
457 3876 512 3951 qui
535 3879 713 3960 postquam
737 3877 852 3953 reperti
876 3877 965 3949 sunt,
999 3877 1077 3954 quia
1098 3873 1221 3937 interea
1249 3872 1491 3936 confluentibus
1515 3888 1573 3934 un·

172 3975 271 4052 dique
294 3991 312 4034 e
336 3980 544 4038 monasteriis
567 3977 697 4038 abolitis
731 3976 901 4038 codicibus
924 3981 1020 4040 novis
1051 3978 1222 4056 catalogus
1253 3974 1573 4039 Scherschnikianus

171 4079 292 4140 inutilis
314 4095 391 4140 esse
414 4079 595 4158 videbatur,
617 4085 650 4144 in
674 4098 714 4144 eo
738 4098 806 4143 non
829 4086 907 4144 sunt
928 4082 1073 4161 inscripti
1096 4081 1157 4144 sed
1172 4084 1317 4161 sepositi,
1342 4080 1448 4144 donec
1465 4094 1573 4141 novus

171 4184 342 4264 catalogus
377 4191 552 4264 pararetur.
597 4184 791 4248 Referuntur
823 4191 934 4249 autem
969 4183 1269 4250 Scherschnikiano
1303 4185 1453 4262 catalogo
1492 4182 1572 4245 1337

171 4291 308 4362 numeri,
332 4289 517 4368 exquibus
541 4291 570 4350 si
594 4290 777 4370 dempseris
809 4289 852 4352 89
882 4295 939 4356 aut
972 4293 1222 4370 praetermissos
1256 4294 1314 4352 aut
1335 4305 1364 4352 a.
1393 4287 1470 4350 1781
1508 4287 1573 4350 iam

279 4561 320 4648 ²⁰)
342 4567 521 4640 Wurzbach,
544 4571 642 4643 Biogr.
667 4571 735 4629 Lex.
758 4571 863 4644 XXIX,
888 4573 959 4631 220.

279 4665 320 4750 ²¹)
343 4675 470 4746 Dobner,
492 4673 624 4733 Monum.
647 4676 698 4746 IV,
724 4679 752 4736 2.

279 4769 320 4855 Ὦ)
343 4779 398 4840 Ex.
421 4795 464 4851 gr.
487 4781 670 4840 desideratus
694 4782 731 4838 ab
755 4797 790 4838 eo
813 4785 908 4840 codex
929 4781 965 4839 Y.
988 4780 1011 4840 1.
1038 4783 1065 4841 1.
1089 4797 1117 4840 n.
1142 4781 1183 4838 96
1207 4781 1331 4837 habetur
1353 4779 1432 4851 apud
1447 4793 1502 4835 nos
1519 4779 1574 4834 sub

170 4869 249 4941 sign.
273 4866 311 4925 V.
334 4865 365 4927 F.
393 4869 450 4935 163
483 4865 519 4924 Y.
542 4864 565 4925 1.
593 4869 619 4926 1.
643 4884 672 4926 n.
700 4870 759 4926 127
784 4870 840 4925 sub
863 4867 939 4929 vill.
963 4867 999 4927 H.
1023 4868 1081 4934 io:
1115 4867 1151 4926 Y.
1175 4867 1197 4926 1.
1223 4867 1251 4926 3.
1275 4883 1305 4924 n.
1330 4865 1369 4924 29
1402 4867 1458 4923 sub
1481 4863 1518 4920 V.
1542 4863 1575 4925 B.

171 4957 209 5028 33
231 4955 267 5012 Y.
291 4953 314 5012 1.
339 4954 369 5020 4,
393 4971 422 5015 n.
447 4954 486 5012 83
511 4955 567 5010 sub
590 4953 638 5014 111.
662 4955 697 5015 B.
722 4957 773 5015 21.

279 5052 320 5136 23)
343 5059 469 5116 Henslilr
490 5059 510 5117 1.
534 5077 560 5118 c.
589 5061 640 5121 69.
